{
    "symbol": "NET",
    "annualReports": [
        {
            "fiscalDateEnding": "2023-12-31",
            "reportedCurrency": "USD",
            "grossProfit": "989740000",
            "totalRevenue": "1296745000",
            "costOfRevenue": "307005000",
            "costofGoodsAndServicesSold": "307005000",
            "operatingIncome": "-185485000",
            "sellingGeneralAndAdministrative": "817082000",
            "researchAndDevelopment": "358143000",
            "operatingExpenses": "1175225000",
            "investmentIncomeNet": "None",
            "netInterestIncome": "-5872000",
            "interestIncome": "56300000",
            "interestExpense": "5872000",
            "nonInterestIncome": "1246445000",
            "otherNonOperatingIncome": "-4372000",
            "depreciation": "113400000",
            "depreciationAndAmortization": "20000000",
            "incomeBeforeTax": "-177862000",
            "incomeTaxExpense": "6087000",
            "interestAndDebtExpense": "56172000",
            "netIncomeFromContinuingOperations": "-183949000",
            "comprehensiveIncomeNetOfTax": "-170069000",
            "ebit": "-171990000",
            "ebitda": "-151990000",
            "netIncome": "-183949000",
            "totalAssets": "2759767000",
            "totalCurrentAssets": "1983077000",
            "cashAndCashEquivalentsAtCarryingValue": "86864000",
            "cashAndShortTermInvestments": "1673744000",
            "inventory": "1",
            "currentNetReceivables": "248268000",
            "totalNonCurrentAssets": "776643000",
            "propertyPlantEquipment": "322813000",
            "accumulatedDepreciationAmortizationPPE": "218480000",
            "intangibleAssets": "167564000",
            "intangibleAssetsExcludingGoodwill": "19564000",
            "goodwill": "148047000",
            "investments": "1586880000",
            "longTermInvestments": "None",
            "shortTermInvestments": "1586880000",
            "otherCurrentAssets": "50024000",
            "otherNonCurrentAssets": "12636000",
            "totalLiabilities": "1996720000",
            "totalCurrentLiabilities": "567084000",
            "currentAccountsPayable": "53727000",
            "deferredRevenue": "364852000",
            "currentDebt": "None",
            "shortTermDebt": "38555000",
            "totalNonCurrentLiabilities": "1429636000",
            "capitalLeaseObligations": "151841000",
            "longTermDebt": "1283362000",
            "currentLongTermDebt": "None",
            "longTermDebtNoncurrent": "1283362000",
            "shortLongTermDebtTotal": "1283362000",
            "otherCurrentLiabilities": "127398000",
            "otherNonCurrentLiabilities": "15540000",
            "totalShareholderEquity": "763047000",
            "treasuryStock": "None",
            "retainedEarnings": "-1023840000",
            "commonStock": "337000",
            "commonStockSharesOutstanding": "336824000",
            "operatingCashflow": "254406000",
            "paymentsForOperatingActivities": "670000",
            "proceedsFromOperatingActivities": "None",
            "changeInOperatingLiabilities": "148212000",
            "changeInOperatingAssets": "137217000",
            "depreciationDepletionAndAmortization": "135820000",
            "capitalExpenditures": "134942000",
            "changeInReceivables": "113361000",
            "changeInInventory": "None",
            "profitLoss": "-183949000",
            "cashflowFromInvestment": "-186201000",
            "cashflowFromFinancing": "-192185000",
            "proceedsFromRepaymentsOfShortTermDebt": "None",
            "paymentsForRepurchaseOfCommonStock": "34000",
            "paymentsForRepurchaseOfEquity": "34000",
            "paymentsForRepurchaseOfPreferredStock": "None",
            "dividendPayout": "None",
            "dividendPayoutCommonStock": "None",
            "dividendPayoutPreferredStock": "None",
            "proceedsFromIssuanceOfCommonStock": "19083000",
            "proceedsFromIssuanceOfLongTermDebtAndCapitalSecuritiesNet": "None",
            "proceedsFromIssuanceOfPreferredStock": "None",
            "proceedsFromRepurchaseOfEquity": "33900000",
            "proceedsFromSaleOfTreasuryStock": "None",
            "changeInCashAndCashEquivalents": "None",
            "changeInExchangeRate": "None"
        },
        {
            "fiscalDateEnding": "2022-12-31",
            "reportedCurrency": "USD",
            "grossProfit": "742631000",
            "totalRevenue": "975241000",
            "costOfRevenue": "232610000",
            "costofGoodsAndServicesSold": "232610000",
            "operatingIncome": "-201203000",
            "sellingGeneralAndAdministrative": "645531000",
            "researchAndDevelopment": "298303000",
            "operatingExpenses": "943834000",
            "investmentIncomeNet": "None",
            "netInterestIncome": "-4984000",
            "interestIncome": "14877000",
            "interestExpense": "4984000",
            "nonInterestIncome": "977241000",
            "otherNonOperatingIncome": "577000",
            "depreciation": "84800000",
            "depreciationAndAmortization": "15200000",
            "incomeBeforeTax": "-190733000",
            "incomeTaxExpense": "2648000",
            "interestAndDebtExpense": "4984000",
            "netIncomeFromContinuingOperations": "-193381000",
            "comprehensiveIncomeNetOfTax": "-202632000",
            "ebit": "-185749000",
            "ebitda": "-170549000",
            "netIncome": "-193381000",
            "totalAssets": "2587908000",
            "totalCurrentAssets": "1887884000",
            "cashAndCashEquivalentsAtCarryingValue": "204178000",
            "cashAndShortTermInvestments": "1649937000",
            "inventory": "None",
            "currentNetReceivables": "148544000",
            "totalNonCurrentAssets": "700024000",
            "propertyPlantEquipment": "286600000",
            "accumulatedDepreciationAmortizationPPE": "178901000",
            "intangibleAssets": "180530000",
            "intangibleAssetsExcludingGoodwill": "32483000",
            "goodwill": "148000000",
            "investments": "1447794000",
            "longTermInvestments": "None",
            "shortTermInvestments": "1445759000",
            "otherCurrentAssets": "81111000",
            "otherNonCurrentAssets": "6918000",
            "totalLiabilities": "1963944000",
            "totalCurrentLiabilities": "397870000",
            "currentAccountsPayable": "35607000",
            "deferredRevenue": "230379000",
            "currentDebt": "None",
            "shortTermDebt": "33275000",
            "totalNonCurrentLiabilities": "1566074000",
            "capitalLeaseObligations": "140899000",
            "longTermDebt": "1436192000",
            "currentLongTermDebt": "0",
            "longTermDebtNoncurrent": "1436192000",
            "shortLongTermDebtTotal": "1436192000",
            "otherCurrentLiabilities": "110341000",
            "otherNonCurrentLiabilities": "10526000",
            "totalShareholderEquity": "623964000",
            "treasuryStock": "None",
            "retainedEarnings": "-839891000",
            "commonStock": "328000",
            "commonStockSharesOutstanding": "328957000",
            "operatingCashflow": "123595000",
            "paymentsForOperatingActivities": "1238000",
            "proceedsFromOperatingActivities": "None",
            "changeInOperatingLiabilities": "92346000",
            "changeInOperatingAssets": "66648000",
            "depreciationDepletionAndAmortization": "102335000",
            "capitalExpenditures": "163364000",
            "changeInReceivables": "56195000",
            "changeInInventory": "None",
            "profitLoss": "-193381000",
            "cashflowFromInvestment": "-235696000",
            "cashflowFromFinancing": "6347000",
            "proceedsFromRepaymentsOfShortTermDebt": "None",
            "paymentsForRepurchaseOfCommonStock": "3000",
            "paymentsForRepurchaseOfEquity": "3000",
            "paymentsForRepurchaseOfPreferredStock": "None",
            "dividendPayout": "None",
            "dividendPayoutCommonStock": "None",
            "dividendPayoutPreferredStock": "None",
            "proceedsFromIssuanceOfCommonStock": "15291000",
            "proceedsFromIssuanceOfLongTermDebtAndCapitalSecuritiesNet": "None",
            "proceedsFromIssuanceOfPreferredStock": "None",
            "proceedsFromRepurchaseOfEquity": "25288000",
            "proceedsFromSaleOfTreasuryStock": "None",
            "changeInCashAndCashEquivalents": "-105754000",
            "changeInExchangeRate": "None"
        },
        {
            "fiscalDateEnding": "2021-12-31",
            "reportedCurrency": "USD",
            "grossProfit": "509292000",
            "totalRevenue": "656426000",
            "costOfRevenue": "147134000",
            "costofGoodsAndServicesSold": "147134000",
            "operatingIncome": "-127684000",
            "sellingGeneralAndAdministrative": "447568000",
            "researchAndDevelopment": "189408000",
            "operatingExpenses": "636976000",
            "investmentIncomeNet": "None",
            "netInterestIncome": "-49234000",
            "interestIncome": "47264000",
            "interestExpense": "49234000",
            "nonInterestIncome": "583792000",
            "otherNonOperatingIncome": "-794000",
            "depreciation": "62300000",
            "depreciationAndAmortization": "2900000",
            "incomeBeforeTax": "-247976000",
            "incomeTaxExpense": "12333000",
            "interestAndDebtExpense": "121468000",
            "netIncomeFromContinuingOperations": "-260309000",
            "comprehensiveIncomeNetOfTax": "-263117000",
            "ebit": "-198742000",
            "ebitda": "-195842000",
            "netIncome": "-260309000",
            "totalAssets": "2372071000",
            "totalCurrentAssets": "1955856000",
            "cashAndCashEquivalentsAtCarryingValue": "313777000",
            "cashAndShortTermInvestments": "1821843000",
            "inventory": "521000",
            "currentNetReceivables": "95543000",
            "totalNonCurrentAssets": "416215000",
            "propertyPlantEquipment": "183736000",
            "accumulatedDepreciationAmortizationPPE": "120213000",
            "intangibleAssets": "24784000",
            "intangibleAssetsExcludingGoodwill": "1254000",
            "goodwill": "23500000",
            "investments": "1511407000",
            "longTermInvestments": "None",
            "shortTermInvestments": "1508066000",
            "otherCurrentAssets": "32391000",
            "otherNonCurrentAssets": "2838000",
            "totalLiabilities": "1556273000",
            "totalCurrentLiabilities": "288565000",
            "currentAccountsPayable": "26086000",
            "deferredRevenue": "121226000",
            "currentDebt": "12117000",
            "shortTermDebt": "37292000",
            "totalNonCurrentLiabilities": "1267708000",
            "capitalLeaseObligations": "134212000",
            "longTermDebt": "1158994000",
            "currentLongTermDebt": "12117000",
            "longTermDebtNoncurrent": "1146877000",
            "shortLongTermDebtTotal": "1158994000",
            "otherCurrentLiabilities": "108641000",
            "otherNonCurrentLiabilities": "7114000",
            "totalShareholderEquity": "811359000",
            "treasuryStock": "None",
            "retainedEarnings": "-680829000",
            "commonStock": "321000",
            "commonStockSharesOutstanding": "320430000",
            "operatingCashflow": "64648000",
            "paymentsForOperatingActivities": "3634000",
            "proceedsFromOperatingActivities": "None",
            "changeInOperatingLiabilities": "62225000",
            "changeInOperatingAssets": "39250000",
            "depreciationDepletionAndAmortization": "66607000",
            "capitalExpenditures": "107738000",
            "changeInReceivables": "35848000",
            "changeInInventory": "27798000",
            "profitLoss": "-260309000",
            "cashflowFromInvestment": "-709322000",
            "cashflowFromFinancing": "847486000",
            "proceedsFromRepaymentsOfShortTermDebt": "None",
            "paymentsForRepurchaseOfCommonStock": "189000",
            "paymentsForRepurchaseOfEquity": "189000",
            "paymentsForRepurchaseOfPreferredStock": "None",
            "dividendPayout": "14984000",
            "dividendPayoutCommonStock": "14984000",
            "dividendPayoutPreferredStock": "None",
            "proceedsFromIssuanceOfCommonStock": "None",
            "proceedsFromIssuanceOfLongTermDebtAndCapitalSecuritiesNet": "1293750000",
            "proceedsFromIssuanceOfPreferredStock": "None",
            "proceedsFromRepurchaseOfEquity": "36180000",
            "proceedsFromSaleOfTreasuryStock": "None",
            "changeInCashAndCashEquivalents": "202812000",
            "changeInExchangeRate": "None"
        },
        {
            "fiscalDateEnding": "2020-12-31",
            "reportedCurrency": "USD",
            "grossProfit": "330004000",
            "totalRevenue": "431059000",
            "costOfRevenue": "101055000",
            "costofGoodsAndServicesSold": "101055000",
            "operatingIncome": "-106768000",
            "sellingGeneralAndAdministrative": "309628000",
            "researchAndDevelopment": "127144000",
            "operatingExpenses": "436772000",
            "investmentIncomeNet": "None",
            "netInterestIncome": "-24964000",
            "interestIncome": "6588000",
            "interestExpense": "24964000",
            "nonInterestIncome": "430159000",
            "otherNonOperatingIncome": "171000",
            "depreciation": "45900000",
            "depreciationAndAmortization": "3100000",
            "incomeBeforeTax": "-124973000",
            "incomeTaxExpense": "-5603000",
            "interestAndDebtExpense": "24336000",
            "netIncomeFromContinuingOperations": "-119370000",
            "comprehensiveIncomeNetOfTax": "-119268000",
            "ebit": "-100009000",
            "ebitda": "-96909000",
            "netIncome": "-119370000",
            "totalAssets": "1380651000",
            "totalCurrentAssets": "1129954000",
            "cashAndCashEquivalentsAtCarryingValue": "108895000",
            "cashAndShortTermInvestments": "1032096000",
            "inventory": "20526000",
            "currentNetReceivables": "63499000",
            "totalNonCurrentAssets": "250697000",
            "propertyPlantEquipment": "123688000",
            "accumulatedDepreciationAmortizationPPE": "82608000",
            "intangibleAssets": "19967000",
            "intangibleAssetsExcludingGoodwill": "2800000",
            "goodwill": "17167000",
            "investments": "948195000",
            "longTermInvestments": "None",
            "shortTermInvestments": "923201000",
            "otherCurrentAssets": "10295000",
            "otherNonCurrentAssets": "13058000",
            "totalLiabilities": "563711000",
            "totalCurrentLiabilities": "141377000",
            "currentAccountsPayable": "14485000",
            "deferredRevenue": "56836000",
            "currentDebt": "None",
            "shortTermDebt": "17717000",
            "totalNonCurrentLiabilities": "422334000",
            "capitalLeaseObligations": "45026000",
            "longTermDebt": "383275000",
            "currentLongTermDebt": "0",
            "longTermDebtNoncurrent": "383275000",
            "shortLongTermDebtTotal": "383275000",
            "otherCurrentLiabilities": "54230000",
            "otherNonCurrentLiabilities": "9859000",
            "totalShareholderEquity": "816940000",
            "treasuryStock": "None",
            "retainedEarnings": "-420520000",
            "commonStock": "304000",
            "commonStockSharesOutstanding": "303212000",
            "operatingCashflow": "-17129000",
            "paymentsForOperatingActivities": "2192000",
            "proceedsFromOperatingActivities": "None",
            "changeInOperatingLiabilities": "27271000",
            "changeInOperatingAssets": "48377000",
            "depreciationDepletionAndAmortization": "49387000",
            "capitalExpenditures": "74962000",
            "changeInReceivables": "33000000",
            "changeInInventory": "-18628000",
            "profitLoss": "-119370000",
            "cashflowFromInvestment": "-515273000",
            "cashflowFromFinancing": "504912000",
            "proceedsFromRepaymentsOfShortTermDebt": "-200000",
            "paymentsForRepurchaseOfCommonStock": "157000",
            "paymentsForRepurchaseOfEquity": "157000",
            "paymentsForRepurchaseOfPreferredStock": "None",
            "dividendPayout": "10923000",
            "dividendPayoutCommonStock": "10923000",
            "dividendPayoutPreferredStock": "None",
            "proceedsFromIssuanceOfCommonStock": "None",
            "proceedsFromIssuanceOfLongTermDebtAndCapitalSecuritiesNet": "575000000",
            "proceedsFromIssuanceOfPreferredStock": "None",
            "proceedsFromRepurchaseOfEquity": "18223000",
            "proceedsFromSaleOfTreasuryStock": "None",
            "changeInCashAndCashEquivalents": "-27490000",
            "changeInExchangeRate": "None"
        },
        {
            "fiscalDateEnding": "2019-12-31",
            "reportedCurrency": "USD",
            "grossProfit": "223599000",
            "totalRevenue": "287022000",
            "costOfRevenue": "63423000",
            "costofGoodsAndServicesSold": "63423000",
            "operatingIncome": "-107946000",
            "sellingGeneralAndAdministrative": "240876000",
            "researchAndDevelopment": "90669000",
            "operatingExpenses": "331545000",
            "investmentIncomeNet": "None",
            "netInterestIncome": "-1112000",
            "interestIncome": "4475000",
            "interestExpense": "1112000",
            "nonInterestIncome": "286822000",
            "otherNonOperatingIncome": "-1442000",
            "depreciation": "29400000",
            "depreciationAndAmortization": "100000",
            "incomeBeforeTax": "-104713000",
            "incomeTaxExpense": "1115000",
            "interestAndDebtExpense": "1112000",
            "netIncomeFromContinuingOperations": "-105828000",
            "comprehensiveIncomeNetOfTax": "-105710000",
            "ebit": "-103601000",
            "ebitda": "-103501000",
            "netIncome": "-105828000",
            "totalAssets": "830824000",
            "totalCurrentAssets": "689872000",
            "cashAndCashEquivalentsAtCarryingValue": "138976000",
            "cashAndShortTermInvestments": "636948000",
            "inventory": "13686000",
            "currentNetReceivables": "33867000",
            "totalNonCurrentAssets": "140952000",
            "propertyPlantEquipment": "101466000",
            "accumulatedDepreciationAmortizationPPE": "67189000",
            "intangibleAssets": "4114000",
            "intangibleAssetsExcludingGoodwill": "31000",
            "goodwill": "4083000",
            "investments": "586121000",
            "longTermInvestments": "None",
            "shortTermInvestments": "497972000",
            "otherCurrentAssets": "3308000",
            "otherNonCurrentAssets": "3528000",
            "totalLiabilities": "104996000",
            "totalCurrentLiabilities": "83883000",
            "currentAccountsPayable": "11463000",
            "deferredRevenue": "31647000",
            "currentDebt": "None",
            "shortTermDebt": "28314000",
            "totalNonCurrentLiabilities": "12949000",
            "capitalLeaseObligations": "10506000",
            "longTermDebt": "None",
            "currentLongTermDebt": "0",
            "longTermDebtNoncurrent": "0",
            "shortLongTermDebtTotal": "38820000",
            "otherCurrentLiabilities": "13263000",
            "otherNonCurrentLiabilities": "9803000",
            "totalShareholderEquity": "725828000",
            "treasuryStock": "None",
            "retainedEarnings": "-301706000",
            "commonStock": "294000",
            "commonStockSharesOutstanding": "300173147",
            "operatingCashflow": "-38917000",
            "paymentsForOperatingActivities": "786000",
            "proceedsFromOperatingActivities": "None",
            "changeInOperatingLiabilities": "15744000",
            "changeInOperatingAssets": "20907000",
            "depreciationDepletionAndAmortization": "29479000",
            "capitalExpenditures": "57279000",
            "changeInReceivables": "11200000",
            "changeInInventory": "5089000",
            "profitLoss": "-105828000",
            "cashflowFromInvestment": "-417641000",
            "cashflowFromFinancing": "570768000",
            "proceedsFromRepaymentsOfShortTermDebt": "None",
            "paymentsForRepurchaseOfCommonStock": "283000",
            "paymentsForRepurchaseOfEquity": "283000",
            "paymentsForRepurchaseOfPreferredStock": "None",
            "dividendPayout": "6030000",
            "dividendPayoutCommonStock": "6030000",
            "dividendPayoutPreferredStock": "None",
            "proceedsFromIssuanceOfCommonStock": "None",
            "proceedsFromIssuanceOfLongTermDebtAndCapitalSecuritiesNet": "None",
            "proceedsFromIssuanceOfPreferredStock": "None",
            "proceedsFromRepurchaseOfEquity": "573319000",
            "proceedsFromSaleOfTreasuryStock": "None",
            "changeInCashAndCashEquivalents": "114210000",
            "changeInExchangeRate": "None"
        },
        {
            "fiscalDateEnding": "2018-12-31",
            "reportedCurrency": "USD",
            "totalAssets": "298380000",
            "totalCurrentAssets": "196737000",
            "cashAndCashEquivalentsAtCarryingValue": "25055000",
            "cashAndShortTermInvestments": "25055000",
            "inventory": "1",
            "currentNetReceivables": "None",
            "totalNonCurrentAssets": "101643000",
            "propertyPlantEquipment": "73210000",
            "accumulatedDepreciationAmortizationPPE": "39899000",
            "intangibleAssets": "156000",
            "intangibleAssetsExcludingGoodwill": "156000",
            "goodwill": "4083000",
            "investments": "None",
            "longTermInvestments": "None",
            "shortTermInvestments": "135602000",
            "otherCurrentAssets": "1157000",
            "otherNonCurrentAssets": "1883000",
            "totalLiabilities": "80364000",
            "totalCurrentLiabilities": "61379000",
            "currentAccountsPayable": "14285000",
            "deferredRevenue": "None",
            "currentDebt": "None",
            "shortTermDebt": "255000",
            "totalNonCurrentLiabilities": "350506000",
            "capitalLeaseObligations": "10443000",
            "longTermDebt": "1618000",
            "currentLongTermDebt": "255000",
            "longTermDebtNoncurrent": "None",
            "shortLongTermDebtTotal": "12316000",
            "otherCurrentLiabilities": "30022000",
            "otherNonCurrentLiabilities": "6704000",
            "totalShareholderEquity": "-113505000",
            "treasuryStock": "None",
            "retainedEarnings": "-195878000",
            "commonStock": "85000",
            "commonStockSharesOutstanding": "91542000"
        }
    ],
    "quarterlyReports": [
        {
            "fiscalDateEnding": "2024-09-30",
            "reportedCurrency": "USD",
            "grossProfit": "334115000",
            "totalRevenue": "430082000",
            "costOfRevenue": "95967000",
            "costofGoodsAndServicesSold": "95967000",
            "operatingIncome": "-30794000",
            "sellingGeneralAndAdministrative": "253998000",
            "researchAndDevelopment": "110911000",
            "operatingExpenses": "364909000",
            "investmentIncomeNet": "None",
            "netInterestIncome": "21038000",
            "interestIncome": "22471000",
            "interestExpense": "1433000",
            "nonInterestIncome": "430082000",
            "otherNonOperatingIncome": "-3066000",
            "depreciation": "27900000",
            "depreciationAndAmortization": "2400000",
            "incomeBeforeTax": "-12822000",
            "incomeTaxExpense": "2509000",
            "interestAndDebtExpense": "1433000",
            "netIncomeFromContinuingOperations": "-15331000",
            "comprehensiveIncomeNetOfTax": "1935000",
            "ebit": "-30794000",
            "ebitda": "-28394000",
            "netIncome": "-15331000",
            "totalAssets": "3062746000",
            "totalCurrentAssets": "2163878000",
            "cashAndCashEquivalentsAtCarryingValue": "182883000",
            "cashAndShortTermInvestments": "1823846000",
            "inventory": "None",
            "currentNetReceivables": "252927000",
            "totalNonCurrentAssets": "898868000",
            "propertyPlantEquipment": "396552000",
            "accumulatedDepreciationAmortizationPPE": "294427000",
            "intangibleAssets": "176447000",
            "intangibleAssetsExcludingGoodwill": "19247000",
            "goodwill": "157200000",
            "investments": "1655890000",
            "longTermInvestments": "None",
            "shortTermInvestments": "1640963000",
            "otherCurrentAssets": "73647000",
            "otherNonCurrentAssets": "19953000",
            "totalLiabilities": "2089656000",
            "totalCurrentLiabilities": "641615000",
            "currentAccountsPayable": "74110000",
            "deferredRevenue": "411785000",
            "currentDebt": "None",
            "shortTermDebt": "43028000",
            "totalNonCurrentLiabilities": "1448041000",
            "capitalLeaseObligations": "164402000",
            "longTermDebt": "1286332000",
            "currentLongTermDebt": "None",
            "longTermDebtNoncurrent": "1286332000",
            "shortLongTermDebtTotal": "1286332000",
            "otherCurrentLiabilities": "134682000",
            "otherNonCurrentLiabilities": "18345000",
            "totalShareholderEquity": "973090000",
            "treasuryStock": "None",
            "retainedEarnings": "-1089792000",
            "commonStock": "342000",
            "commonStockSharesOutstanding": "342356000",
            "operatingCashflow": "104727000",
            "paymentsForOperatingActivities": "7000",
            "proceedsFromOperatingActivities": "None",
            "changeInOperatingLiabilities": "9653000",
            "changeInOperatingAssets": "7749000",
            "depreciationDepletionAndAmortization": "31709000",
            "capitalExpenditures": "59448000",
            "changeInReceivables": "5301000",
            "changeInInventory": "None",
            "profitLoss": "-15331000",
            "cashflowFromInvestment": "-76400000",
            "cashflowFromFinancing": "-2411000",
            "proceedsFromRepaymentsOfShortTermDebt": "None",
            "paymentsForRepurchaseOfCommonStock": "0",
            "paymentsForRepurchaseOfEquity": "0",
            "paymentsForRepurchaseOfPreferredStock": "None",
            "dividendPayout": "None",
            "dividendPayoutCommonStock": "None",
            "dividendPayoutPreferredStock": "None",
            "proceedsFromIssuanceOfCommonStock": "0",
            "proceedsFromIssuanceOfLongTermDebtAndCapitalSecuritiesNet": "None",
            "proceedsFromIssuanceOfPreferredStock": "None",
            "proceedsFromRepurchaseOfEquity": "1417000",
            "proceedsFromSaleOfTreasuryStock": "None",
            "changeInCashAndCashEquivalents": "None",
            "changeInExchangeRate": "None"
        },
        {
            "fiscalDateEnding": "2024-06-30",
            "reportedCurrency": "USD",
            "grossProfit": "311985000",
            "totalRevenue": "400996000",
            "costOfRevenue": "89011000",
            "costofGoodsAndServicesSold": "89011000",
            "operatingIncome": "-34698000",
            "sellingGeneralAndAdministrative": "244136000",
            "researchAndDevelopment": "102547000",
            "operatingExpenses": "346683000",
            "investmentIncomeNet": "None",
            "netInterestIncome": "20497000",
            "interestIncome": "21715000",
            "interestExpense": "1218000",
            "nonInterestIncome": "400996000",
            "otherNonOperatingIncome": "269000",
            "depreciation": "26300000",
            "depreciationAndAmortization": "2000000",
            "incomeBeforeTax": "-13932000",
            "incomeTaxExpense": "1146000",
            "interestAndDebtExpense": "1218000",
            "netIncomeFromContinuingOperations": "-15078000",
            "comprehensiveIncomeNetOfTax": "-15497000",
            "ebit": "-34698000",
            "ebitda": "-32698000",
            "netIncome": "-15078000",
            "totalAssets": "2916673000",
            "totalCurrentAssets": "2093018000",
            "cashAndCashEquivalentsAtCarryingValue": "156967000",
            "cashAndShortTermInvestments": "1757397000",
            "inventory": "1",
            "currentNetReceivables": "250213000",
            "totalNonCurrentAssets": "823655000",
            "propertyPlantEquipment": "339124000",
            "accumulatedDepreciationAmortizationPPE": "266854000",
            "intangibleAssets": "177825000",
            "intangibleAssetsExcludingGoodwill": "21663000",
            "goodwill": "156162000",
            "investments": "1600430000",
            "longTermInvestments": "None",
            "shortTermInvestments": "1600430000",
            "otherCurrentAssets": "72491000",
            "otherNonCurrentAssets": "18483000",
            "totalLiabilities": "2035128000",
            "totalCurrentLiabilities": "595965000",
            "currentAccountsPayable": "59528000",
            "deferredRevenue": "394547000",
            "currentDebt": "None",
            "shortTermDebt": "81480000",
            "totalNonCurrentLiabilities": "1439163000",
            "capitalLeaseObligations": "153248000",
            "longTermDebt": "1285342000",
            "currentLongTermDebt": "None",
            "longTermDebtNoncurrent": "1285342000",
            "shortLongTermDebtTotal": "1285342000",
            "otherCurrentLiabilities": "83989000",
            "otherNonCurrentLiabilities": "17734000",
            "totalShareholderEquity": "881545000",
            "treasuryStock": "None",
            "retainedEarnings": "-1074461000",
            "commonStock": "341000",
            "commonStockSharesOutstanding": "340648000",
            "operatingCashflow": "74815000",
            "paymentsForOperatingActivities": "55000",
            "proceedsFromOperatingActivities": "None",
            "changeInOperatingLiabilities": "33781000",
            "changeInOperatingAssets": "40428000",
            "depreciationDepletionAndAmortization": "29655000",
            "capitalExpenditures": "36540000",
            "changeInReceivables": "38577000",
            "changeInInventory": "None",
            "profitLoss": "-15078000",
            "cashflowFromInvestment": "-183742000",
            "cashflowFromFinancing": "7143000",
            "proceedsFromRepaymentsOfShortTermDebt": "None",
            "paymentsForRepurchaseOfCommonStock": "0",
            "paymentsForRepurchaseOfEquity": "0",
            "paymentsForRepurchaseOfPreferredStock": "None",
            "dividendPayout": "None",
            "dividendPayoutCommonStock": "None",
            "dividendPayoutPreferredStock": "None",
            "proceedsFromIssuanceOfCommonStock": "0",
            "proceedsFromIssuanceOfLongTermDebtAndCapitalSecuritiesNet": "None",
            "proceedsFromIssuanceOfPreferredStock": "None",
            "proceedsFromRepurchaseOfEquity": "13647000",
            "proceedsFromSaleOfTreasuryStock": "None",
            "changeInCashAndCashEquivalents": "None",
            "changeInExchangeRate": "None"
        },
        {
            "fiscalDateEnding": "2024-03-31",
            "reportedCurrency": "USD",
            "grossProfit": "293564000",
            "totalRevenue": "378602000",
            "costOfRevenue": "85038000",
            "costofGoodsAndServicesSold": "85038000",
            "operatingIncome": "-54550000",
            "sellingGeneralAndAdministrative": "260411000",
            "researchAndDevelopment": "87703000",
            "operatingExpenses": "348114000",
            "investmentIncomeNet": "None",
            "netInterestIncome": "-1100000",
            "interestIncome": "21252000",
            "interestExpense": "1100000",
            "nonInterestIncome": "378602000",
            "otherNonOperatingIncome": "1124000",
            "depreciation": "24100000",
            "depreciationAndAmortization": "5300000",
            "incomeBeforeTax": "-33243000",
            "incomeTaxExpense": "2300000",
            "interestAndDebtExpense": "1100000",
            "netIncomeFromContinuingOperations": "-35574000",
            "comprehensiveIncomeNetOfTax": "-38427000",
            "ebit": "-32143000",
            "ebitda": "-26843000",
            "netIncome": "-35543000",
            "totalAssets": "2801630000",
            "totalCurrentAssets": "2016172000",
            "cashAndCashEquivalentsAtCarryingValue": "254401000",
            "cashAndShortTermInvestments": "1716202000",
            "inventory": "None",
            "currentNetReceivables": "213183000",
            "totalNonCurrentAssets": "785458000",
            "propertyPlantEquipment": "329422000",
            "accumulatedDepreciationAmortizationPPE": "242161000",
            "intangibleAssets": "162345000",
            "intangibleAssetsExcludingGoodwill": "14298000",
            "goodwill": "148047000",
            "investments": "1471268000",
            "longTermInvestments": "None",
            "shortTermInvestments": "1461801000",
            "otherCurrentAssets": "75198000",
            "otherNonCurrentAssets": "12506000",
            "totalLiabilities": "2004406000",
            "totalCurrentLiabilities": "574059000",
            "currentAccountsPayable": "47832000",
            "deferredRevenue": "373888000",
            "currentDebt": "None",
            "shortTermDebt": "39273000",
            "totalNonCurrentLiabilities": "1430347000",
            "capitalLeaseObligations": "152290000",
            "longTermDebt": "1284352000",
            "currentLongTermDebt": "None",
            "longTermDebtNoncurrent": "1284352000",
            "shortLongTermDebtTotal": "1284352000",
            "otherCurrentLiabilities": "130711000",
            "otherNonCurrentLiabilities": "15333000",
            "totalShareholderEquity": "797224000",
            "treasuryStock": "None",
            "retainedEarnings": "-1059383000",
            "commonStock": "339000",
            "commonStockSharesOutstanding": "338583000",
            "operatingCashflow": "73579000",
            "paymentsForOperatingActivities": "8000",
            "proceedsFromOperatingActivities": "None",
            "changeInOperatingLiabilities": "12173000",
            "changeInOperatingAssets": "-9052000",
            "depreciationDepletionAndAmortization": "30112000",
            "capitalExpenditures": "37972000",
            "changeInReceivables": "-31862000",
            "changeInInventory": "None",
            "profitLoss": "-35574000",
            "cashflowFromInvestment": "96950000",
            "cashflowFromFinancing": "21000",
            "proceedsFromRepaymentsOfShortTermDebt": "None",
            "paymentsForRepurchaseOfCommonStock": "0",
            "paymentsForRepurchaseOfEquity": "0",
            "paymentsForRepurchaseOfPreferredStock": "None",
            "dividendPayout": "None",
            "dividendPayoutCommonStock": "None",
            "dividendPayoutPreferredStock": "None",
            "proceedsFromIssuanceOfCommonStock": "0",
            "proceedsFromIssuanceOfLongTermDebtAndCapitalSecuritiesNet": "None",
            "proceedsFromIssuanceOfPreferredStock": "None",
            "proceedsFromRepurchaseOfEquity": "4422000",
            "proceedsFromSaleOfTreasuryStock": "None",
            "changeInCashAndCashEquivalents": "None",
            "changeInExchangeRate": "None"
        },
        {
            "fiscalDateEnding": "2023-12-31",
            "reportedCurrency": "USD",
            "grossProfit": "279190000",
            "totalRevenue": "362473000",
            "costOfRevenue": "83283000",
            "costofGoodsAndServicesSold": "83858000",
            "operatingIncome": "-42829000",
            "sellingGeneralAndAdministrative": "225618000",
            "researchAndDevelopment": "96401000",
            "operatingExpenses": "322019000",
            "investmentIncomeNet": "None",
            "netInterestIncome": "-1069000",
            "interestIncome": "20190000",
            "interestExpense": "1069000",
            "nonInterestIncome": "362473000",
            "otherNonOperatingIncome": "-2103000",
            "depreciation": "30200000",
            "depreciationAndAmortization": "5300000",
            "incomeBeforeTax": "-25811000",
            "incomeTaxExpense": "2054000",
            "interestAndDebtExpense": "1069000",
            "netIncomeFromContinuingOperations": "-27865000",
            "comprehensiveIncomeNetOfTax": "-21733000",
            "ebit": "-24742000",
            "ebitda": "-19442000",
            "netIncome": "-27865000",
            "totalAssets": "2759767000",
            "totalCurrentAssets": "1983077000",
            "cashAndCashEquivalentsAtCarryingValue": "86864000",
            "cashAndShortTermInvestments": "1673744000",
            "inventory": "1",
            "currentNetReceivables": "248268000",
            "totalNonCurrentAssets": "776643000",
            "propertyPlantEquipment": "322813000",
            "accumulatedDepreciationAmortizationPPE": "218480000",
            "intangibleAssets": "167564000",
            "intangibleAssetsExcludingGoodwill": "19564000",
            "goodwill": "148047000",
            "investments": "1586880000",
            "longTermInvestments": "None",
            "shortTermInvestments": "1586880000",
            "otherCurrentAssets": "50024000",
            "otherNonCurrentAssets": "12636000",
            "totalLiabilities": "1996720000",
            "totalCurrentLiabilities": "567084000",
            "currentAccountsPayable": "53727000",
            "deferredRevenue": "364852000",
            "currentDebt": "None",
            "shortTermDebt": "38351000",
            "totalNonCurrentLiabilities": "1429636000",
            "capitalLeaseObligations": "151841000",
            "longTermDebt": "1283362000",
            "currentLongTermDebt": "None",
            "longTermDebtNoncurrent": "1283362000",
            "shortLongTermDebtTotal": "1283362000",
            "otherCurrentLiabilities": "127398000",
            "otherNonCurrentLiabilities": "15540000",
            "totalShareholderEquity": "763047000",
            "treasuryStock": "None",
            "retainedEarnings": "-1023840000",
            "commonStock": "337000",
            "commonStockSharesOutstanding": "336824000",
            "operatingCashflow": "85441000",
            "paymentsForOperatingActivities": "4000",
            "proceedsFromOperatingActivities": "None",
            "changeInOperatingLiabilities": "60830000",
            "changeInOperatingAssets": "55065000",
            "depreciationDepletionAndAmortization": "36180000",
            "capitalExpenditures": "34725000",
            "changeInReceivables": "52910000",
            "changeInInventory": "28060000",
            "profitLoss": "-27865000",
            "cashflowFromInvestment": "-101647000",
            "cashflowFromFinancing": "9790000",
            "proceedsFromRepaymentsOfShortTermDebt": "None",
            "paymentsForRepurchaseOfCommonStock": "0",
            "paymentsForRepurchaseOfEquity": "0",
            "paymentsForRepurchaseOfPreferredStock": "None",
            "dividendPayout": "None",
            "dividendPayoutCommonStock": "None",
            "dividendPayoutPreferredStock": "None",
            "proceedsFromIssuanceOfCommonStock": "8633000",
            "proceedsFromIssuanceOfLongTermDebtAndCapitalSecuritiesNet": "None",
            "proceedsFromIssuanceOfPreferredStock": "None",
            "proceedsFromRepurchaseOfEquity": "12100000",
            "proceedsFromSaleOfTreasuryStock": "None",
            "changeInCashAndCashEquivalents": "None",
            "changeInExchangeRate": "None"
        },
        {
            "fiscalDateEnding": "2023-09-30",
            "reportedCurrency": "USD",
            "grossProfit": "257534000",
            "totalRevenue": "335603000",
            "costOfRevenue": "78069000",
            "costofGoodsAndServicesSold": "78069000",
            "operatingIncome": "-39212000",
            "sellingGeneralAndAdministrative": "206153000",
            "researchAndDevelopment": "90593000",
            "operatingExpenses": "296746000",
            "investmentIncomeNet": "None",
            "netInterestIncome": "-1138000",
            "interestIncome": "17954000",
            "interestExpense": "1138000",
            "nonInterestIncome": "335603000",
            "otherNonOperatingIncome": "115000",
            "depreciation": "29000000",
            "depreciationAndAmortization": "4900000",
            "incomeBeforeTax": "-22281000",
            "incomeTaxExpense": "1254000",
            "interestAndDebtExpense": "1138000",
            "netIncomeFromContinuingOperations": "-23535000",
            "comprehensiveIncomeNetOfTax": "-21374000",
            "ebit": "-21143000",
            "ebitda": "-16243000",
            "netIncome": "-23535000",
            "totalAssets": "2589910000",
            "totalCurrentAssets": "1858003000",
            "cashAndCashEquivalentsAtCarryingValue": "94143000",
            "cashAndShortTermInvestments": "1574305000",
            "inventory": "1612000",
            "currentNetReceivables": "199468000",
            "totalNonCurrentAssets": "731860000",
            "propertyPlantEquipment": "309815000",
            "accumulatedDepreciationAmortizationPPE": "255339000",
            "intangibleAssets": "165821000",
            "intangibleAssetsExcludingGoodwill": "17821000",
            "goodwill": "148000000",
            "investments": "1495086000",
            "longTermInvestments": "None",
            "shortTermInvestments": "1480162000",
            "otherCurrentAssets": "72541000",
            "otherNonCurrentAssets": "12778000",
            "totalLiabilities": "1890653000",
            "totalCurrentLiabilities": "477775000",
            "currentAccountsPayable": "40590000",
            "deferredRevenue": "311454000",
            "currentDebt": "None",
            "shortTermDebt": "70152000",
            "totalNonCurrentLiabilities": "1412878000",
            "capitalLeaseObligations": "136749000",
            "longTermDebt": "1282372000",
            "currentLongTermDebt": "None",
            "longTermDebtNoncurrent": "1282372000",
            "shortLongTermDebtTotal": "1282372000",
            "otherCurrentLiabilities": "72933000",
            "otherNonCurrentLiabilities": "11479000",
            "totalShareholderEquity": "699257000",
            "treasuryStock": "None",
            "retainedEarnings": "-995975000",
            "commonStock": "335000",
            "commonStockSharesOutstanding": "334666000",
            "operatingCashflow": "68100000",
            "paymentsForOperatingActivities": "71000",
            "proceedsFromOperatingActivities": "None",
            "changeInOperatingLiabilities": "23693000",
            "changeInOperatingAssets": "30371000",
            "depreciationDepletionAndAmortization": "34458000",
            "capitalExpenditures": "33225000",
            "changeInReceivables": "25038000",
            "changeInInventory": "-10928000",
            "profitLoss": "-23535000",
            "cashflowFromInvestment": "-100229000",
            "cashflowFromFinancing": "-34610000",
            "proceedsFromRepaymentsOfShortTermDebt": "0",
            "paymentsForRepurchaseOfCommonStock": "0",
            "paymentsForRepurchaseOfEquity": "0",
            "paymentsForRepurchaseOfPreferredStock": "None",
            "dividendPayout": "2065000",
            "dividendPayoutCommonStock": "2065000",
            "dividendPayoutPreferredStock": "None",
            "proceedsFromIssuanceOfCommonStock": "0",
            "proceedsFromIssuanceOfLongTermDebtAndCapitalSecuritiesNet": "None",
            "proceedsFromIssuanceOfPreferredStock": "None",
            "proceedsFromRepurchaseOfEquity": "4325000",
            "proceedsFromSaleOfTreasuryStock": "None",
            "changeInCashAndCashEquivalents": "None",
            "changeInExchangeRate": "None"
        },
        {
            "fiscalDateEnding": "2023-06-30",
            "reportedCurrency": "USD",
            "grossProfit": "233273000",
            "totalRevenue": "308494000",
            "costOfRevenue": "75221000",
            "costofGoodsAndServicesSold": "75221000",
            "operatingIncome": "-56172000",
            "sellingGeneralAndAdministrative": "199835000",
            "researchAndDevelopment": "89610000",
            "operatingExpenses": "289445000",
            "investmentIncomeNet": "None",
            "netInterestIncome": "-1539000",
            "interestIncome": "16536000",
            "interestExpense": "1539000",
            "nonInterestIncome": "258194000",
            "otherNonOperatingIncome": "-1527000",
            "depreciation": "28400000",
            "depreciationAndAmortization": "4900000",
            "incomeBeforeTax": "-93002000",
            "incomeTaxExpense": "1465000",
            "interestAndDebtExpense": "51839000",
            "netIncomeFromContinuingOperations": "-94467000",
            "comprehensiveIncomeNetOfTax": "-94638000",
            "ebit": "-91463000",
            "ebitda": "-86563000",
            "netIncome": "-94467000",
            "totalAssets": "2533208000",
            "totalCurrentAssets": "1818060000",
            "cashAndCashEquivalentsAtCarryingValue": "159318000",
            "cashAndShortTermInvestments": "1584620000",
            "inventory": "2797000",
            "currentNetReceivables": "177920000",
            "totalNonCurrentAssets": "715101000",
            "propertyPlantEquipment": "293259000",
            "accumulatedDepreciationAmortizationPPE": "228520000",
            "intangibleAssets": "170708000",
            "intangibleAssetsExcludingGoodwill": "22708000",
            "goodwill": "148000000",
            "investments": "1432229000",
            "longTermInvestments": "None",
            "shortTermInvestments": "1425302000",
            "otherCurrentAssets": "46847000",
            "otherNonCurrentAssets": "11345000",
            "totalLiabilities": "1891374000",
            "totalCurrentLiabilities": "473118000",
            "currentAccountsPayable": "32376000",
            "deferredRevenue": "286839000",
            "currentDebt": "35330000",
            "shortTermDebt": "70696000",
            "totalNonCurrentLiabilities": "1418256000",
            "capitalLeaseObligations": "142358000",
            "longTermDebt": "1316713000",
            "currentLongTermDebt": "35330000",
            "longTermDebtNoncurrent": "1281383000",
            "shortLongTermDebtTotal": "1316713000",
            "otherCurrentLiabilities": "102067000",
            "otherNonCurrentLiabilities": "11021000",
            "totalShareholderEquity": "641834000",
            "treasuryStock": "None",
            "retainedEarnings": "-972440000",
            "commonStock": "332000",
            "commonStockSharesOutstanding": "332297000",
            "operatingCashflow": "64451000",
            "paymentsForOperatingActivities": "594000",
            "proceedsFromOperatingActivities": "None",
            "changeInOperatingLiabilities": "29744000",
            "changeInOperatingAssets": "9524000",
            "depreciationDepletionAndAmortization": "33673000",
            "capitalExpenditures": "44481000",
            "changeInReceivables": "2632000",
            "changeInInventory": "-17132000",
            "profitLoss": "-94467000",
            "cashflowFromInvestment": "108000",
            "cashflowFromFinancing": "-168612000",
            "proceedsFromRepaymentsOfShortTermDebt": "0",
            "paymentsForRepurchaseOfCommonStock": "34000",
            "paymentsForRepurchaseOfEquity": "34000",
            "paymentsForRepurchaseOfPreferredStock": "None",
            "dividendPayout": "14204000",
            "dividendPayoutCommonStock": "14204000",
            "dividendPayoutPreferredStock": "None",
            "proceedsFromIssuanceOfCommonStock": "0",
            "proceedsFromIssuanceOfLongTermDebtAndCapitalSecuritiesNet": "None",
            "proceedsFromIssuanceOfPreferredStock": "None",
            "proceedsFromRepurchaseOfEquity": "14170000",
            "proceedsFromSaleOfTreasuryStock": "None",
            "changeInCashAndCashEquivalents": "None",
            "changeInExchangeRate": "None"
        },
        {
            "fiscalDateEnding": "2023-03-31",
            "reportedCurrency": "USD",
            "grossProfit": "219743000",
            "totalRevenue": "290175000",
            "costOfRevenue": "70432000",
            "costofGoodsAndServicesSold": "70432000",
            "operatingIncome": "-47272000",
            "sellingGeneralAndAdministrative": "185476000",
            "researchAndDevelopment": "81539000",
            "operatingExpenses": "267015000",
            "investmentIncomeNet": "None",
            "netInterestIncome": "-2126000",
            "interestIncome": "13487000",
            "interestExpense": "2126000",
            "nonInterestIncome": "290175000",
            "otherNonOperatingIncome": "-857000",
            "depreciation": "25800000",
            "depreciationAndAmortization": "4900000",
            "incomeBeforeTax": "-36768000",
            "incomeTaxExpense": "1314000",
            "interestAndDebtExpense": "2126000",
            "netIncomeFromContinuingOperations": "-38082000",
            "comprehensiveIncomeNetOfTax": "-32324000",
            "ebit": "-34642000",
            "ebitda": "-29742000",
            "netIncome": "-38082000",
            "totalAssets": "2667564000",
            "totalCurrentAssets": "1954400000",
            "cashAndCashEquivalentsAtCarryingValue": "256363000",
            "cashAndShortTermInvestments": "1715592000",
            "inventory": "10505000",
            "currentNetReceivables": "179749000",
            "totalNonCurrentAssets": "713117000",
            "propertyPlantEquipment": "298188000",
            "accumulatedDepreciationAmortizationPPE": "204000000",
            "intangibleAssets": "175596000",
            "intangibleAssetsExcludingGoodwill": "27596000",
            "goodwill": "148000000",
            "investments": "1459229000",
            "longTermInvestments": "None",
            "shortTermInvestments": "1459229000",
            "otherCurrentAssets": "51036000",
            "otherNonCurrentAssets": "8434000",
            "totalLiabilities": "2014978000",
            "totalCurrentLiabilities": "444505000",
            "currentAccountsPayable": "54563000",
            "deferredRevenue": "252260000",
            "currentDebt": "None",
            "shortTermDebt": "69592000",
            "totalNonCurrentLiabilities": "1570473000",
            "capitalLeaseObligations": "143600000",
            "longTermDebt": "1437355000",
            "currentLongTermDebt": "None",
            "longTermDebtNoncurrent": "1437355000",
            "shortLongTermDebtTotal": "1437355000",
            "otherCurrentLiabilities": "81555000",
            "otherNonCurrentLiabilities": "10849000",
            "totalShareholderEquity": "652586000",
            "treasuryStock": "None",
            "retainedEarnings": "-877973000",
            "commonStock": "330000",
            "commonStockSharesOutstanding": "330389000",
            "operatingCashflow": "36414000",
            "paymentsForOperatingActivities": "1000",
            "proceedsFromOperatingActivities": "None",
            "changeInOperatingLiabilities": "33945000",
            "changeInOperatingAssets": "42257000",
            "depreciationDepletionAndAmortization": "31509000",
            "capitalExpenditures": "22511000",
            "changeInReceivables": "32781000",
            "changeInInventory": "None",
            "profitLoss": "-38082000",
            "cashflowFromInvestment": "15567000",
            "cashflowFromFinancing": "1247000",
            "proceedsFromRepaymentsOfShortTermDebt": "0",
            "paymentsForRepurchaseOfCommonStock": "0",
            "paymentsForRepurchaseOfEquity": "0",
            "paymentsForRepurchaseOfPreferredStock": "None",
            "dividendPayout": "None",
            "dividendPayoutCommonStock": "None",
            "dividendPayoutPreferredStock": "None",
            "proceedsFromIssuanceOfCommonStock": "0",
            "proceedsFromIssuanceOfLongTermDebtAndCapitalSecuritiesNet": "None",
            "proceedsFromIssuanceOfPreferredStock": "None",
            "proceedsFromRepurchaseOfEquity": "3305000",
            "proceedsFromSaleOfTreasuryStock": "None",
            "changeInCashAndCashEquivalents": "53228000",
            "changeInExchangeRate": "None"
        },
        {
            "fiscalDateEnding": "2022-12-31",
            "reportedCurrency": "USD",
            "grossProfit": "206912000",
            "totalRevenue": "274700000",
            "costOfRevenue": "67788000",
            "costofGoodsAndServicesSold": "67788000",
            "operatingIncome": "-50691000",
            "sellingGeneralAndAdministrative": "177900000",
            "researchAndDevelopment": "79703000",
            "operatingExpenses": "257603000",
            "investmentIncomeNet": "None",
            "netInterestIncome": "-875000",
            "interestIncome": "8323000",
            "interestExpense": "875000",
            "nonInterestIncome": "276700000",
            "otherNonOperatingIncome": "-1602000",
            "depreciation": "24000000",
            "depreciationAndAmortization": "4900000",
            "incomeBeforeTax": "-44845000",
            "incomeTaxExpense": "1072000",
            "interestAndDebtExpense": "875000",
            "netIncomeFromContinuingOperations": "-45917000",
            "comprehensiveIncomeNetOfTax": "-40515000",
            "ebit": "-43970000",
            "ebitda": "-39070000",
            "netIncome": "-45917000",
            "totalAssets": "2587908000",
            "totalCurrentAssets": "1887884000",
            "cashAndCashEquivalentsAtCarryingValue": "204178000",
            "cashAndShortTermInvestments": "1649937000",
            "inventory": "None",
            "currentNetReceivables": "148544000",
            "totalNonCurrentAssets": "700024000",
            "propertyPlantEquipment": "286600000",
            "accumulatedDepreciationAmortizationPPE": "178901000",
            "intangibleAssets": "180530000",
            "intangibleAssetsExcludingGoodwill": "32483000",
            "goodwill": "148000000",
            "investments": "1447794000",
            "longTermInvestments": "None",
            "shortTermInvestments": "1445759000",
            "otherCurrentAssets": "81111000",
            "otherNonCurrentAssets": "6918000",
            "totalLiabilities": "1963944000",
            "totalCurrentLiabilities": "397870000",
            "currentAccountsPayable": "35607000",
            "deferredRevenue": "230379000",
            "currentDebt": "None",
            "shortTermDebt": "33275000",
            "totalNonCurrentLiabilities": "1566074000",
            "capitalLeaseObligations": "140899000",
            "longTermDebt": "1436192000",
            "currentLongTermDebt": "0",
            "longTermDebtNoncurrent": "1436192000",
            "shortLongTermDebtTotal": "1436192000",
            "otherCurrentLiabilities": "110341000",
            "otherNonCurrentLiabilities": "10526000",
            "totalShareholderEquity": "623964000",
            "treasuryStock": "None",
            "retainedEarnings": "-839891000",
            "commonStock": "328000",
            "commonStockSharesOutstanding": "328957000",
            "operatingCashflow": "78123000",
            "paymentsForOperatingActivities": "595000",
            "proceedsFromOperatingActivities": "None",
            "changeInOperatingLiabilities": "39078000",
            "changeInOperatingAssets": "26716000",
            "depreciationDepletionAndAmortization": "29633000",
            "capitalExpenditures": "44463000",
            "changeInReceivables": "23364000",
            "changeInInventory": "None",
            "profitLoss": "-45917000",
            "cashflowFromInvestment": "-19956000",
            "cashflowFromFinancing": "8019000",
            "proceedsFromRepaymentsOfShortTermDebt": "0",
            "paymentsForRepurchaseOfCommonStock": "0",
            "paymentsForRepurchaseOfEquity": "0",
            "paymentsForRepurchaseOfPreferredStock": "None",
            "dividendPayout": "506000",
            "dividendPayoutCommonStock": "506000",
            "dividendPayoutPreferredStock": "None",
            "proceedsFromIssuanceOfCommonStock": "0",
            "proceedsFromIssuanceOfLongTermDebtAndCapitalSecuritiesNet": "None",
            "proceedsFromIssuanceOfPreferredStock": "None",
            "proceedsFromRepurchaseOfEquity": "8474000",
            "proceedsFromSaleOfTreasuryStock": "None",
            "changeInCashAndCashEquivalents": "66186000",
            "changeInExchangeRate": "None"
        },
        {
            "fiscalDateEnding": "2022-09-30",
            "reportedCurrency": "USD",
            "grossProfit": "191890000",
            "totalRevenue": "253857000",
            "costOfRevenue": "61967000",
            "costofGoodsAndServicesSold": "61967000",
            "operatingIncome": "-45947000",
            "sellingGeneralAndAdministrative": "161405000",
            "researchAndDevelopment": "76432000",
            "operatingExpenses": "237837000",
            "investmentIncomeNet": "None",
            "netInterestIncome": "-1512000",
            "interestIncome": "2340000",
            "interestExpense": "1512000",
            "nonInterestIncome": "253857000",
            "otherNonOperatingIncome": "2433000",
            "depreciation": "21900000",
            "depreciationAndAmortization": "4900000",
            "incomeBeforeTax": "-41174000",
            "incomeTaxExpense": "1372000",
            "interestAndDebtExpense": "1512000",
            "netIncomeFromContinuingOperations": "-42546000",
            "comprehensiveIncomeNetOfTax": "-43766000",
            "ebit": "-39662000",
            "ebitda": "-34762000",
            "netIncome": "-42546000",
            "totalAssets": "2490617000",
            "totalCurrentAssets": "1815787000",
            "cashAndCashEquivalentsAtCarryingValue": "137838000",
            "cashAndShortTermInvestments": "1636262000",
            "inventory": "None",
            "currentNetReceivables": "126868000",
            "totalNonCurrentAssets": "674830000",
            "propertyPlantEquipment": "264132000",
            "accumulatedDepreciationAmortizationPPE": "176093000",
            "intangibleAssets": "186493000",
            "intangibleAssetsExcludingGoodwill": "37371000",
            "goodwill": "149122000",
            "investments": "1498424000",
            "longTermInvestments": "None",
            "shortTermInvestments": "1498424000",
            "otherCurrentAssets": "45446000",
            "otherNonCurrentAssets": "3490000",
            "totalLiabilities": "1896628000",
            "totalCurrentLiabilities": "339287000",
            "currentAccountsPayable": "39227000",
            "deferredRevenue": "180084000",
            "currentDebt": "None",
            "shortTermDebt": "57052000",
            "totalNonCurrentLiabilities": "1557341000",
            "capitalLeaseObligations": "132543000",
            "longTermDebt": "1435030000",
            "currentLongTermDebt": "0",
            "longTermDebtNoncurrent": "1435030000",
            "shortLongTermDebtTotal": "1435030000",
            "otherCurrentLiabilities": "71610000",
            "otherNonCurrentLiabilities": "9608000",
            "totalShareholderEquity": "593989000",
            "treasuryStock": "None",
            "retainedEarnings": "-793974000",
            "commonStock": "327000",
            "commonStockSharesOutstanding": "326590000",
            "operatingCashflow": "42688000",
            "paymentsForOperatingActivities": "1000",
            "proceedsFromOperatingActivities": "None",
            "changeInOperatingLiabilities": "10228000",
            "changeInOperatingAssets": "7173000",
            "depreciationDepletionAndAmortization": "27350000",
            "capitalExpenditures": "47302000",
            "changeInReceivables": "5884000",
            "changeInInventory": "None",
            "profitLoss": "-42546000",
            "cashflowFromInvestment": "-48887000",
            "cashflowFromFinancing": "1439000",
            "proceedsFromRepaymentsOfShortTermDebt": "0",
            "paymentsForRepurchaseOfCommonStock": "0",
            "paymentsForRepurchaseOfEquity": "0",
            "paymentsForRepurchaseOfPreferredStock": "None",
            "dividendPayout": "None",
            "dividendPayoutCommonStock": "None",
            "dividendPayoutPreferredStock": "None",
            "proceedsFromIssuanceOfCommonStock": "-1000",
            "proceedsFromIssuanceOfLongTermDebtAndCapitalSecuritiesNet": "None",
            "proceedsFromIssuanceOfPreferredStock": "None",
            "proceedsFromRepurchaseOfEquity": "2152000",
            "proceedsFromSaleOfTreasuryStock": "None",
            "changeInCashAndCashEquivalents": "-20646000",
            "changeInExchangeRate": "None"
        },
        {
            "fiscalDateEnding": "2022-06-30",
            "reportedCurrency": "USD",
            "grossProfit": "178713000",
            "totalRevenue": "234517000",
            "costOfRevenue": "55804000",
            "costofGoodsAndServicesSold": "55804000",
            "operatingIncome": "-64541000",
            "sellingGeneralAndAdministrative": "168140000",
            "researchAndDevelopment": "75114000",
            "operatingExpenses": "243254000",
            "investmentIncomeNet": "None",
            "netInterestIncome": "-1040000",
            "interestIncome": "1641000",
            "interestExpense": "1040000",
            "nonInterestIncome": "234517000",
            "otherNonOperatingIncome": "233000",
            "depreciation": "20000000",
            "depreciationAndAmortization": "4900000",
            "incomeBeforeTax": "-63707000",
            "incomeTaxExpense": "-170000",
            "interestAndDebtExpense": "1040000",
            "netIncomeFromContinuingOperations": "-63507000",
            "comprehensiveIncomeNetOfTax": "-66870000",
            "ebit": "-62667000",
            "ebitda": "-57767000",
            "netIncome": "-63537000",
            "totalAssets": "2468459000",
            "totalCurrentAssets": "1814013000",
            "cashAndCashEquivalentsAtCarryingValue": "142675000",
            "cashAndShortTermInvestments": "1641848000",
            "inventory": "1",
            "currentNetReceivables": "122114000",
            "totalNonCurrentAssets": "654446000",
            "propertyPlantEquipment": "244560000",
            "accumulatedDepreciationAmortizationPPE": "157219000",
            "intangibleAssets": "191380000",
            "intangibleAssetsExcludingGoodwill": "42258000",
            "goodwill": "149122000",
            "investments": "1509170000",
            "longTermInvestments": "None",
            "shortTermInvestments": "1499173000",
            "otherCurrentAssets": "42856000",
            "otherNonCurrentAssets": "3889000",
            "totalLiabilities": "1887969000",
            "totalCurrentLiabilities": "332814000",
            "currentAccountsPayable": "55732000",
            "deferredRevenue": "162652000",
            "currentDebt": "None",
            "shortTermDebt": "56596000",
            "totalNonCurrentLiabilities": "1555155000",
            "capitalLeaseObligations": "133646000",
            "longTermDebt": "1433867000",
            "currentLongTermDebt": "0",
            "longTermDebtNoncurrent": "1433867000",
            "shortLongTermDebtTotal": "1433867000",
            "otherCurrentLiabilities": "64675000",
            "otherNonCurrentLiabilities": "9099000",
            "totalShareholderEquity": "580490000",
            "treasuryStock": "None",
            "retainedEarnings": "-751428000",
            "commonStock": "325000",
            "commonStockSharesOutstanding": "325197000",
            "operatingCashflow": "38251000",
            "paymentsForOperatingActivities": "594000",
            "proceedsFromOperatingActivities": "None",
            "changeInOperatingLiabilities": "25454000",
            "changeInOperatingAssets": "-5126000",
            "depreciationDepletionAndAmortization": "25338000",
            "capitalExpenditures": "42665000",
            "changeInReceivables": "-3828000",
            "changeInInventory": "None",
            "profitLoss": "-63507000",
            "cashflowFromInvestment": "-56048000",
            "cashflowFromFinancing": "11143000",
            "proceedsFromRepaymentsOfShortTermDebt": "0",
            "paymentsForRepurchaseOfCommonStock": "0",
            "paymentsForRepurchaseOfEquity": "0",
            "paymentsForRepurchaseOfPreferredStock": "None",
            "dividendPayout": "None",
            "dividendPayoutCommonStock": "None",
            "dividendPayoutPreferredStock": "None",
            "proceedsFromIssuanceOfCommonStock": "None",
            "proceedsFromIssuanceOfLongTermDebtAndCapitalSecuritiesNet": "None",
            "proceedsFromIssuanceOfPreferredStock": "None",
            "proceedsFromRepurchaseOfEquity": "11659000",
            "proceedsFromSaleOfTreasuryStock": "None",
            "changeInCashAndCashEquivalents": "-43507000",
            "changeInExchangeRate": "None"
        },
        {
            "fiscalDateEnding": "2022-03-31",
            "reportedCurrency": "USD",
            "grossProfit": "165116000",
            "totalRevenue": "212167000",
            "costOfRevenue": "47051000",
            "costofGoodsAndServicesSold": "47051000",
            "operatingIncome": "-40024000",
            "sellingGeneralAndAdministrative": "138086000",
            "researchAndDevelopment": "67054000",
            "operatingExpenses": "205140000",
            "investmentIncomeNet": "None",
            "netInterestIncome": "-1557000",
            "interestIncome": "1061000",
            "interestExpense": "1557000",
            "nonInterestIncome": "212167000",
            "otherNonOperatingIncome": "-487000",
            "depreciation": "18900000",
            "depreciationAndAmortization": "500000",
            "incomeBeforeTax": "-41007000",
            "incomeTaxExpense": "374000",
            "interestAndDebtExpense": "1557000",
            "netIncomeFromContinuingOperations": "-41381000",
            "comprehensiveIncomeNetOfTax": "-51481000",
            "ebit": "-39450000",
            "ebitda": "-38950000",
            "netIncome": "-41381000",
            "totalAssets": "2353949000",
            "totalCurrentAssets": "1894810000",
            "cashAndCashEquivalentsAtCarryingValue": "151976000",
            "cashAndShortTermInvestments": "1725240000",
            "inventory": "1",
            "currentNetReceivables": "125350000",
            "totalNonCurrentAssets": "459139000",
            "propertyPlantEquipment": "202432000",
            "accumulatedDepreciationAmortizationPPE": "138222000",
            "intangibleAssets": "32327000",
            "intangibleAssetsExcludingGoodwill": "3846000",
            "goodwill": "28481000",
            "investments": "1594557000",
            "longTermInvestments": "None",
            "shortTermInvestments": "1573264000",
            "otherCurrentAssets": "37891000",
            "otherNonCurrentAssets": "3274000",
            "totalLiabilities": "1838472000",
            "totalCurrentLiabilities": "276616000",
            "currentAccountsPayable": "32925000",
            "deferredRevenue": "137227000",
            "currentDebt": "None",
            "shortTermDebt": "54610000",
            "totalNonCurrentLiabilities": "1561856000",
            "capitalLeaseObligations": "141924000",
            "longTermDebt": "1432705000",
            "currentLongTermDebt": "0",
            "longTermDebtNoncurrent": "1432705000",
            "shortLongTermDebtTotal": "1432705000",
            "otherCurrentLiabilities": "57431000",
            "otherNonCurrentLiabilities": "8955000",
            "totalShareholderEquity": "515477000",
            "treasuryStock": "None",
            "retainedEarnings": "-687891000",
            "commonStock": "323000",
            "commonStockSharesOutstanding": "323334000",
            "operatingCashflow": "-35467000",
            "paymentsForOperatingActivities": "48000",
            "proceedsFromOperatingActivities": "None",
            "changeInOperatingLiabilities": "17586000",
            "changeInOperatingAssets": "37885000",
            "depreciationDepletionAndAmortization": "20014000",
            "capitalExpenditures": "28934000",
            "changeInReceivables": "30775000",
            "changeInInventory": "None",
            "profitLoss": "-41381000",
            "cashflowFromInvestment": "-110805000",
            "cashflowFromFinancing": "-14254000",
            "proceedsFromRepaymentsOfShortTermDebt": "0",
            "paymentsForRepurchaseOfCommonStock": "3000",
            "paymentsForRepurchaseOfEquity": "3000",
            "paymentsForRepurchaseOfPreferredStock": "None",
            "dividendPayout": "1957000",
            "dividendPayoutCommonStock": "1957000",
            "dividendPayoutPreferredStock": "None",
            "proceedsFromIssuanceOfCommonStock": "None",
            "proceedsFromIssuanceOfLongTermDebtAndCapitalSecuritiesNet": "None",
            "proceedsFromIssuanceOfPreferredStock": "None",
            "proceedsFromRepurchaseOfEquity": "3003000",
            "proceedsFromSaleOfTreasuryStock": "None",
            "changeInCashAndCashEquivalents": "-160526000",
            "changeInExchangeRate": "None"
        },
        {
            "fiscalDateEnding": "2021-12-31",
            "reportedCurrency": "USD",
            "grossProfit": "151100000",
            "totalRevenue": "193596000",
            "costOfRevenue": "42496000",
            "costofGoodsAndServicesSold": "42496000",
            "operatingIncome": "-41064000",
            "sellingGeneralAndAdministrative": "130402000",
            "researchAndDevelopment": "61762000",
            "operatingExpenses": "192164000",
            "investmentIncomeNet": "None",
            "netInterestIncome": "-16108000",
            "interestIncome": "15440000",
            "interestExpense": "16108000",
            "nonInterestIncome": "193196000",
            "otherNonOperatingIncome": "-426000",
            "depreciation": "17100000",
            "depreciationAndAmortization": "800000",
            "incomeBeforeTax": "-56930000",
            "incomeTaxExpense": "20571000",
            "interestAndDebtExpense": "16108000",
            "netIncomeFromContinuingOperations": "-77501000",
            "comprehensiveIncomeNetOfTax": "-79935000",
            "ebit": "-40822000",
            "ebitda": "-40022000",
            "netIncome": "-77501000",
            "totalAssets": "2372071000",
            "totalCurrentAssets": "1955856000",
            "cashAndCashEquivalentsAtCarryingValue": "313777000",
            "cashAndShortTermInvestments": "1821843000",
            "inventory": "1",
            "currentNetReceivables": "95543000",
            "totalNonCurrentAssets": "416215000",
            "propertyPlantEquipment": "183736000",
            "accumulatedDepreciationAmortizationPPE": "120213000",
            "intangibleAssets": "24784000",
            "intangibleAssetsExcludingGoodwill": "1254000",
            "goodwill": "23500000",
            "investments": "1511407000",
            "longTermInvestments": "None",
            "shortTermInvestments": "1508066000",
            "otherCurrentAssets": "32391000",
            "otherNonCurrentAssets": "2838000",
            "totalLiabilities": "1556273000",
            "totalCurrentLiabilities": "288565000",
            "currentAccountsPayable": "26086000",
            "deferredRevenue": "121226000",
            "currentDebt": "12117000",
            "shortTermDebt": "37292000",
            "totalNonCurrentLiabilities": "1267708000",
            "capitalLeaseObligations": "134212000",
            "longTermDebt": "1158994000",
            "currentLongTermDebt": "12117000",
            "longTermDebtNoncurrent": "1146877000",
            "shortLongTermDebtTotal": "1158994000",
            "otherCurrentLiabilities": "108641000",
            "otherNonCurrentLiabilities": "7114000",
            "totalShareholderEquity": "811359000",
            "treasuryStock": "None",
            "retainedEarnings": "-680829000",
            "commonStock": "321000",
            "commonStockSharesOutstanding": "320430000",
            "operatingCashflow": "40617000",
            "paymentsForOperatingActivities": "677000",
            "proceedsFromOperatingActivities": "None",
            "changeInOperatingLiabilities": "19714000",
            "changeInOperatingAssets": "15807000",
            "depreciationDepletionAndAmortization": "18332000",
            "capitalExpenditures": "31981000",
            "changeInReceivables": "11731000",
            "changeInInventory": "None",
            "profitLoss": "-77501000",
            "cashflowFromInvestment": "-354795000",
            "cashflowFromFinancing": "9774000",
            "proceedsFromRepaymentsOfShortTermDebt": "0",
            "paymentsForRepurchaseOfCommonStock": "1000",
            "paymentsForRepurchaseOfEquity": "1000",
            "paymentsForRepurchaseOfPreferredStock": "None",
            "dividendPayout": "349262000",
            "dividendPayoutCommonStock": "349262000",
            "dividendPayoutPreferredStock": "None",
            "proceedsFromIssuanceOfCommonStock": "None",
            "proceedsFromIssuanceOfLongTermDebtAndCapitalSecuritiesNet": "None",
            "proceedsFromIssuanceOfPreferredStock": "None",
            "proceedsFromRepurchaseOfEquity": "12392000",
            "proceedsFromSaleOfTreasuryStock": "None",
            "changeInCashAndCashEquivalents": "-304404000",
            "changeInExchangeRate": "None"
        },
        {
            "fiscalDateEnding": "2021-09-30",
            "reportedCurrency": "USD",
            "grossProfit": "134822000",
            "totalRevenue": "172347000",
            "costOfRevenue": "37525000",
            "costofGoodsAndServicesSold": "37525000",
            "operatingIncome": "-26494000",
            "sellingGeneralAndAdministrative": "114546000",
            "researchAndDevelopment": "46770000",
            "operatingExpenses": "161316000",
            "investmentIncomeNet": "None",
            "netInterestIncome": "-12448000",
            "interestIncome": "12063000",
            "interestExpense": "12448000",
            "nonInterestIncome": "100113000",
            "otherNonOperatingIncome": "361000",
            "depreciation": "16100000",
            "depreciationAndAmortization": "700000",
            "incomeBeforeTax": "-110430000",
            "incomeTaxExpense": "-3095000",
            "interestAndDebtExpense": "84682000",
            "netIncomeFromContinuingOperations": "-107335000",
            "comprehensiveIncomeNetOfTax": "-107502000",
            "ebit": "-97982000",
            "ebitda": "-97282000",
            "netIncome": "-107335000",
            "totalAssets": "2315514000",
            "totalCurrentAssets": "1930577000",
            "cashAndCashEquivalentsAtCarryingValue": "618231000",
            "cashAndShortTermInvestments": "1813877000",
            "inventory": "None",
            "currentNetReceivables": "84705000",
            "totalNonCurrentAssets": "384937000",
            "propertyPlantEquipment": "176556000",
            "accumulatedDepreciationAmortizationPPE": "123055000",
            "intangibleAssets": "17867000",
            "intangibleAssetsExcludingGoodwill": "700000",
            "goodwill": "17167000",
            "investments": "1195647000",
            "longTermInvestments": "None",
            "shortTermInvestments": "1195646000",
            "otherCurrentAssets": "26946000",
            "otherNonCurrentAssets": "20987000",
            "totalLiabilities": "1462364000",
            "totalCurrentLiabilities": "226957000",
            "currentAccountsPayable": "34561000",
            "deferredRevenue": "96976000",
            "currentDebt": "None",
            "shortTermDebt": "46900000",
            "totalNonCurrentLiabilities": "1235407000",
            "capitalLeaseObligations": "104563000",
            "longTermDebt": "1143308000",
            "currentLongTermDebt": "None",
            "longTermDebtNoncurrent": "1143308000",
            "shortLongTermDebtTotal": "1143308000",
            "otherCurrentLiabilities": "53081000",
            "otherNonCurrentLiabilities": "6425000",
            "totalShareholderEquity": "853150000",
            "treasuryStock": "None",
            "retainedEarnings": "-603328000",
            "commonStock": "318000",
            "commonStockSharesOutstanding": "314543000",
            "operatingCashflow": "-6918000",
            "paymentsForOperatingActivities": "771000",
            "proceedsFromOperatingActivities": "None",
            "changeInOperatingLiabilities": "6627000",
            "changeInOperatingAssets": "7494000",
            "depreciationDepletionAndAmortization": "17030000",
            "capitalExpenditures": "32814000",
            "changeInReceivables": "9754000",
            "changeInInventory": "2682000",
            "profitLoss": "-107335000",
            "cashflowFromInvestment": "-444773000",
            "cashflowFromFinancing": "820183000",
            "proceedsFromRepaymentsOfShortTermDebt": "0",
            "paymentsForRepurchaseOfCommonStock": "19000",
            "paymentsForRepurchaseOfEquity": "19000",
            "paymentsForRepurchaseOfPreferredStock": "None",
            "dividendPayout": "None",
            "dividendPayoutCommonStock": "None",
            "dividendPayoutPreferredStock": "None",
            "proceedsFromIssuanceOfCommonStock": "None",
            "proceedsFromIssuanceOfLongTermDebtAndCapitalSecuritiesNet": "None",
            "proceedsFromIssuanceOfPreferredStock": "None",
            "proceedsFromRepurchaseOfEquity": "5264000",
            "proceedsFromSaleOfTreasuryStock": "None",
            "changeInCashAndCashEquivalents": "-91235000",
            "changeInExchangeRate": "None"
        },
        {
            "fiscalDateEnding": "2021-06-30",
            "reportedCurrency": "USD",
            "grossProfit": "117399000",
            "totalRevenue": "152428000",
            "costOfRevenue": "35029000",
            "costofGoodsAndServicesSold": "35029000",
            "operatingIncome": "-28872000",
            "sellingGeneralAndAdministrative": "104922000",
            "researchAndDevelopment": "41349000",
            "operatingExpenses": "146271000",
            "investmentIncomeNet": "None",
            "netInterestIncome": "-10444000",
            "interestIncome": "10071000",
            "interestExpense": "10444000",
            "nonInterestIncome": "152428000",
            "otherNonOperatingIncome": "-877000",
            "depreciation": "15100000",
            "depreciationAndAmortization": "700000",
            "incomeBeforeTax": "-39810000",
            "incomeTaxExpense": "-4300000",
            "interestAndDebtExpense": "10261000",
            "netIncomeFromContinuingOperations": "-35510000",
            "comprehensiveIncomeNetOfTax": "-35588000",
            "ebit": "-29366000",
            "ebitda": "-28666000",
            "netIncome": "-35510000",
            "totalAssets": "1445932000",
            "totalCurrentAssets": "1145953000",
            "cashAndCashEquivalentsAtCarryingValue": "247551000",
            "cashAndShortTermInvestments": "1033542000",
            "inventory": "1",
            "currentNetReceivables": "75853000",
            "totalNonCurrentAssets": "299979000",
            "propertyPlantEquipment": "156719000",
            "accumulatedDepreciationAmortizationPPE": "109078000",
            "intangibleAssets": "18567000",
            "intangibleAssetsExcludingGoodwill": "1400000",
            "goodwill": "17167000",
            "investments": "792991000",
            "longTermInvestments": "None",
            "shortTermInvestments": "785991000",
            "otherCurrentAssets": "31309000",
            "otherNonCurrentAssets": "16990000",
            "totalLiabilities": "644836000",
            "totalCurrentLiabilities": "200476000",
            "currentAccountsPayable": "29558000",
            "deferredRevenue": "84557000",
            "currentDebt": "None",
            "shortTermDebt": "40062000",
            "totalNonCurrentLiabilities": "444360000",
            "capitalLeaseObligations": "46967000",
            "longTermDebt": "401428000",
            "currentLongTermDebt": "None",
            "longTermDebtNoncurrent": "401428000",
            "shortLongTermDebtTotal": "401428000",
            "otherCurrentLiabilities": "51027000",
            "otherNonCurrentLiabilities": "11268000",
            "totalShareholderEquity": "801096000",
            "treasuryStock": "None",
            "retainedEarnings": "-495993000",
            "commonStock": "309000",
            "commonStockSharesOutstanding": "308263000",
            "operatingCashflow": "7455000",
            "paymentsForOperatingActivities": "2156000",
            "proceedsFromOperatingActivities": "None",
            "changeInOperatingLiabilities": "14522000",
            "changeInOperatingAssets": "8591000",
            "depreciationDepletionAndAmortization": "16027000",
            "capitalExpenditures": "17230000",
            "changeInReceivables": "5152000",
            "changeInInventory": "-6780000",
            "profitLoss": "-35510000",
            "cashflowFromInvestment": "42470000",
            "cashflowFromFinancing": "10150000",
            "proceedsFromRepaymentsOfShortTermDebt": "0",
            "paymentsForRepurchaseOfCommonStock": "19000",
            "paymentsForRepurchaseOfEquity": "19000",
            "paymentsForRepurchaseOfPreferredStock": "None",
            "dividendPayout": "None",
            "dividendPayoutCommonStock": "None",
            "dividendPayoutPreferredStock": "None",
            "proceedsFromIssuanceOfCommonStock": "None",
            "proceedsFromIssuanceOfLongTermDebtAndCapitalSecuritiesNet": "None",
            "proceedsFromIssuanceOfPreferredStock": "None",
            "proceedsFromRepurchaseOfEquity": "10710000",
            "proceedsFromSaleOfTreasuryStock": "None",
            "changeInCashAndCashEquivalents": "-20410000",
            "changeInExchangeRate": "None"
        },
        {
            "fiscalDateEnding": "2021-03-31",
            "reportedCurrency": "USD",
            "grossProfit": "105971000",
            "totalRevenue": "138055000",
            "costOfRevenue": "32084000",
            "costofGoodsAndServicesSold": "32084000",
            "operatingIncome": "-31254000",
            "sellingGeneralAndAdministrative": "97698000",
            "researchAndDevelopment": "39527000",
            "operatingExpenses": "137225000",
            "investmentIncomeNet": "None",
            "netInterestIncome": "-10234000",
            "interestIncome": "544000",
            "interestExpense": "10234000",
            "nonInterestIncome": "138055000",
            "otherNonOperatingIncome": "148000",
            "depreciation": "14000000",
            "depreciationAndAmortization": "700000",
            "incomeBeforeTax": "-40796000",
            "incomeTaxExpense": "-833000",
            "interestAndDebtExpense": "10049000",
            "netIncomeFromContinuingOperations": "-39996000",
            "comprehensiveIncomeNetOfTax": "-40092000",
            "ebit": "-30562000",
            "ebitda": "-29862000",
            "netIncome": "-39963000",
            "totalAssets": "1405526000",
            "totalCurrentAssets": "1139868000",
            "cashAndCashEquivalentsAtCarryingValue": "187476000",
            "cashAndShortTermInvestments": "1035224000",
            "inventory": "2",
            "currentNetReceivables": "71240000",
            "totalNonCurrentAssets": "265658000",
            "propertyPlantEquipment": "135795000",
            "accumulatedDepreciationAmortizationPPE": "96017000",
            "intangibleAssets": "19267000",
            "intangibleAssetsExcludingGoodwill": "2100000",
            "goodwill": "17167000",
            "investments": "847748000",
            "longTermInvestments": "None",
            "shortTermInvestments": "847748000",
            "otherCurrentAssets": "29744000",
            "otherNonCurrentAssets": "13209000",
            "totalLiabilities": "601486000",
            "totalCurrentLiabilities": "168146000",
            "currentAccountsPayable": "20475000",
            "deferredRevenue": "71482000",
            "currentDebt": "None",
            "shortTermDebt": "35980000",
            "totalNonCurrentLiabilities": "433340000",
            "capitalLeaseObligations": "43617000",
            "longTermDebt": "392246000",
            "currentLongTermDebt": "None",
            "longTermDebtNoncurrent": "392246000",
            "shortLongTermDebtTotal": "392246000",
            "otherCurrentLiabilities": "45273000",
            "otherNonCurrentLiabilities": "10403000",
            "totalShareholderEquity": "804040000",
            "treasuryStock": "None",
            "retainedEarnings": "-460483000",
            "commonStock": "307000",
            "commonStockSharesOutstanding": "305947000",
            "operatingCashflow": "23494000",
            "paymentsForOperatingActivities": "30000",
            "proceedsFromOperatingActivities": "None",
            "changeInOperatingLiabilities": "21362000",
            "changeInOperatingAssets": "7358000",
            "depreciationDepletionAndAmortization": "15218000",
            "capitalExpenditures": "25713000",
            "changeInReceivables": "9211000",
            "changeInInventory": "7155000",
            "profitLoss": "-39996000",
            "cashflowFromInvestment": "47776000",
            "cashflowFromFinancing": "7379000",
            "proceedsFromRepaymentsOfShortTermDebt": "0",
            "paymentsForRepurchaseOfCommonStock": "150000",
            "paymentsForRepurchaseOfEquity": "150000",
            "paymentsForRepurchaseOfPreferredStock": "None",
            "dividendPayout": "None",
            "dividendPayoutCommonStock": "None",
            "dividendPayoutPreferredStock": "None",
            "proceedsFromIssuanceOfCommonStock": "None",
            "proceedsFromIssuanceOfLongTermDebtAndCapitalSecuritiesNet": "None",
            "proceedsFromIssuanceOfPreferredStock": "None",
            "proceedsFromRepurchaseOfEquity": "7814000",
            "proceedsFromSaleOfTreasuryStock": "None",
            "changeInCashAndCashEquivalents": "78649000",
            "changeInExchangeRate": "None"
        },
        {
            "fiscalDateEnding": "2020-12-31",
            "reportedCurrency": "USD",
            "grossProfit": "96861000",
            "totalRevenue": "125926000",
            "costOfRevenue": "29065000",
            "costofGoodsAndServicesSold": "29065000",
            "operatingIncome": "-24741000",
            "sellingGeneralAndAdministrative": "86845000",
            "researchAndDevelopment": "34757000",
            "operatingExpenses": "121602000",
            "investmentIncomeNet": "None",
            "netInterestIncome": "-10062000",
            "interestIncome": "846000",
            "interestExpense": "10062000",
            "nonInterestIncome": "125026000",
            "otherNonOperatingIncome": "113000",
            "depreciation": "13100000",
            "depreciationAndAmortization": "1000000",
            "incomeBeforeTax": "-33824000",
            "incomeTaxExpense": "197000",
            "interestAndDebtExpense": "9842000",
            "netIncomeFromContinuingOperations": "-34021000",
            "comprehensiveIncomeNetOfTax": "-34428000",
            "ebit": "-23762000",
            "ebitda": "-22762000",
            "netIncome": "-34021000",
            "totalAssets": "1380651000",
            "totalCurrentAssets": "1129954000",
            "cashAndCashEquivalentsAtCarryingValue": "108895000",
            "cashAndShortTermInvestments": "1032096000",
            "inventory": "1",
            "currentNetReceivables": "63499000",
            "totalNonCurrentAssets": "250697000",
            "propertyPlantEquipment": "123688000",
            "accumulatedDepreciationAmortizationPPE": "82608000",
            "intangibleAssets": "19967000",
            "intangibleAssetsExcludingGoodwill": "2800000",
            "goodwill": "17167000",
            "investments": "948195000",
            "longTermInvestments": "None",
            "shortTermInvestments": "923201000",
            "otherCurrentAssets": "10295000",
            "otherNonCurrentAssets": "13058000",
            "totalLiabilities": "563711000",
            "totalCurrentLiabilities": "141377000",
            "currentAccountsPayable": "14485000",
            "deferredRevenue": "56836000",
            "currentDebt": "None",
            "shortTermDebt": "17717000",
            "totalNonCurrentLiabilities": "422334000",
            "capitalLeaseObligations": "45026000",
            "longTermDebt": "383275000",
            "currentLongTermDebt": "0",
            "longTermDebtNoncurrent": "383275000",
            "shortLongTermDebtTotal": "383275000",
            "otherCurrentLiabilities": "54230000",
            "otherNonCurrentLiabilities": "9859000",
            "totalShareholderEquity": "816940000",
            "treasuryStock": "None",
            "retainedEarnings": "-420520000",
            "commonStock": "304000",
            "commonStockSharesOutstanding": "303212000",
            "operatingCashflow": "-8813000",
            "paymentsForOperatingActivities": "2158000",
            "proceedsFromOperatingActivities": "None",
            "changeInOperatingLiabilities": "4608000",
            "changeInOperatingAssets": "23583000",
            "depreciationDepletionAndAmortization": "14358000",
            "capitalExpenditures": "14667000",
            "changeInReceivables": "15290000",
            "changeInInventory": "-4548000",
            "profitLoss": "-34021000",
            "cashflowFromInvestment": "-579000",
            "cashflowFromFinancing": "6732000",
            "proceedsFromRepaymentsOfShortTermDebt": "0",
            "paymentsForRepurchaseOfCommonStock": "44000",
            "paymentsForRepurchaseOfEquity": "44000",
            "paymentsForRepurchaseOfPreferredStock": "None",
            "dividendPayout": "None",
            "dividendPayoutCommonStock": "None",
            "dividendPayoutPreferredStock": "None",
            "proceedsFromIssuanceOfCommonStock": "None",
            "proceedsFromIssuanceOfLongTermDebtAndCapitalSecuritiesNet": "None",
            "proceedsFromIssuanceOfPreferredStock": "None",
            "proceedsFromRepurchaseOfEquity": "7165000",
            "proceedsFromSaleOfTreasuryStock": "None",
            "changeInCashAndCashEquivalents": "-2660000",
            "changeInExchangeRate": "None"
        },
        {
            "fiscalDateEnding": "2020-09-30",
            "reportedCurrency": "USD",
            "grossProfit": "87157000",
            "totalRevenue": "114162000",
            "costOfRevenue": "27005000",
            "costofGoodsAndServicesSold": "27005000",
            "operatingIncome": "-21252000",
            "sellingGeneralAndAdministrative": "77507000",
            "researchAndDevelopment": "30902000",
            "operatingExpenses": "108409000",
            "investmentIncomeNet": "None",
            "netInterestIncome": "-9828000",
            "interestIncome": "8512000",
            "interestExpense": "9828000",
            "nonInterestIncome": "114162000",
            "otherNonOperatingIncome": "-208000",
            "depreciation": "12100000",
            "depreciationAndAmortization": "700000",
            "incomeBeforeTax": "-29972000",
            "incomeTaxExpense": "-3504000",
            "interestAndDebtExpense": "9640000",
            "netIncomeFromContinuingOperations": "-26468000",
            "comprehensiveIncomeNetOfTax": "-27122000",
            "ebit": "-20144000",
            "ebitda": "-19444000",
            "netIncome": "-26468000",
            "totalAssets": "1371225000",
            "totalCurrentAssets": "1127379000",
            "cashAndCashEquivalentsAtCarryingValue": "111959000",
            "cashAndShortTermInvestments": "1051297000",
            "inventory": "1",
            "currentNetReceivables": "48783000",
            "totalNonCurrentAssets": "243879000",
            "propertyPlantEquipment": "122423000",
            "accumulatedDepreciationAmortizationPPE": "93423000",
            "intangibleAssets": "20700000",
            "intangibleAssetsExcludingGoodwill": "3500000",
            "goodwill": "17200000",
            "investments": "939338000",
            "longTermInvestments": "None",
            "shortTermInvestments": "939338000",
            "otherCurrentAssets": "5924000",
            "otherNonCurrentAssets": "11276000",
            "totalLiabilities": "544778000",
            "totalCurrentLiabilities": "131004000",
            "currentAccountsPayable": "16995000",
            "deferredRevenue": "50072000",
            "currentDebt": "17265000",
            "shortTermDebt": "34530000",
            "totalNonCurrentLiabilities": "413774000",
            "capitalLeaseObligations": "46940000",
            "longTermDebt": "374511000",
            "currentLongTermDebt": "17265000",
            "longTermDebtNoncurrent": "374511000",
            "shortLongTermDebtTotal": "374511000",
            "otherCurrentLiabilities": "31044000",
            "otherNonCurrentLiabilities": "7951000",
            "totalShareholderEquity": "826447000",
            "treasuryStock": "None",
            "retainedEarnings": "-386499000",
            "commonStock": "302000",
            "commonStockSharesOutstanding": "301689000",
            "operatingCashflow": "1973000",
            "paymentsForOperatingActivities": "0",
            "proceedsFromOperatingActivities": "None",
            "changeInOperatingLiabilities": "6355000",
            "changeInOperatingAssets": "11296000",
            "depreciationDepletionAndAmortization": "12916000",
            "capitalExpenditures": "19827000",
            "changeInReceivables": "5438000",
            "changeInInventory": "-5432000",
            "profitLoss": "-26468000",
            "cashflowFromInvestment": "-205153000",
            "cashflowFromFinancing": "1156000",
            "proceedsFromRepaymentsOfShortTermDebt": "0",
            "paymentsForRepurchaseOfCommonStock": "12000",
            "paymentsForRepurchaseOfEquity": "12000",
            "paymentsForRepurchaseOfPreferredStock": "None",
            "dividendPayout": "None",
            "dividendPayoutCommonStock": "None",
            "dividendPayoutPreferredStock": "None",
            "proceedsFromIssuanceOfCommonStock": "None",
            "proceedsFromIssuanceOfLongTermDebtAndCapitalSecuritiesNet": "None",
            "proceedsFromIssuanceOfPreferredStock": "None",
            "proceedsFromRepurchaseOfEquity": "1377000",
            "proceedsFromSaleOfTreasuryStock": "None",
            "changeInCashAndCashEquivalents": "-14368000",
            "changeInExchangeRate": "None"
        },
        {
            "fiscalDateEnding": "2020-06-30",
            "reportedCurrency": "USD",
            "grossProfit": "75557000",
            "totalRevenue": "99721000",
            "costOfRevenue": "24164000",
            "costofGoodsAndServicesSold": "24164000",
            "operatingIncome": "-24704000",
            "sellingGeneralAndAdministrative": "72130000",
            "researchAndDevelopment": "28131000",
            "operatingExpenses": "100261000",
            "investmentIncomeNet": "None",
            "netInterestIncome": "-5007000",
            "interestIncome": "3150000",
            "interestExpense": "5007000",
            "nonInterestIncome": "99721000",
            "otherNonOperatingIncome": "-219000",
            "depreciation": "10800000",
            "depreciationAndAmortization": "700000",
            "incomeBeforeTax": "-28073000",
            "incomeTaxExpense": "-1938000",
            "interestAndDebtExpense": "4854000",
            "netIncomeFromContinuingOperations": "-26135000",
            "comprehensiveIncomeNetOfTax": "-26318000",
            "ebit": "-23066000",
            "ebitda": "-22366000",
            "netIncome": "-26135000",
            "totalAssets": "1364055000",
            "totalCurrentAssets": "1132124000",
            "cashAndCashEquivalentsAtCarryingValue": "313983000",
            "cashAndShortTermInvestments": "1069091000",
            "inventory": "None",
            "currentNetReceivables": "43646000",
            "totalNonCurrentAssets": "231964000",
            "propertyPlantEquipment": "114549000",
            "accumulatedDepreciationAmortizationPPE": "83758000",
            "intangibleAssets": "21400000",
            "intangibleAssetsExcludingGoodwill": "4200000",
            "goodwill": "17200000",
            "investments": "809097000",
            "longTermInvestments": "None",
            "shortTermInvestments": "755108000",
            "otherCurrentAssets": "3658000",
            "otherNonCurrentAssets": "7138000",
            "totalLiabilities": "528437000",
            "totalCurrentLiabilities": "120747000",
            "currentAccountsPayable": "17278000",
            "deferredRevenue": "45018000",
            "currentDebt": "17239000",
            "shortTermDebt": "34478000",
            "totalNonCurrentLiabilities": "407690000",
            "capitalLeaseObligations": "48108000",
            "longTermDebt": "365949000",
            "currentLongTermDebt": "17239000",
            "longTermDebtNoncurrent": "365949000",
            "shortLongTermDebtTotal": "365949000",
            "otherCurrentLiabilities": "25572000",
            "otherNonCurrentLiabilities": "9273000",
            "totalShareholderEquity": "835618000",
            "treasuryStock": "None",
            "retainedEarnings": "-360031000",
            "commonStock": "300000",
            "commonStockSharesOutstanding": "299321000",
            "operatingCashflow": "3987000",
            "paymentsForOperatingActivities": "0",
            "proceedsFromOperatingActivities": "None",
            "changeInOperatingLiabilities": "9949000",
            "changeInOperatingAssets": "3918000",
            "depreciationDepletionAndAmortization": "11550000",
            "capitalExpenditures": "24141000",
            "changeInReceivables": "4152000",
            "changeInInventory": "-831000",
            "profitLoss": "-26135000",
            "cashflowFromInvestment": "-300769000",
            "cashflowFromFinancing": "501702000",
            "proceedsFromRepaymentsOfShortTermDebt": "0",
            "paymentsForRepurchaseOfCommonStock": "31000",
            "paymentsForRepurchaseOfEquity": "31000",
            "paymentsForRepurchaseOfPreferredStock": "None",
            "dividendPayout": "None",
            "dividendPayoutCommonStock": "None",
            "dividendPayoutPreferredStock": "None",
            "proceedsFromIssuanceOfCommonStock": "None",
            "proceedsFromIssuanceOfLongTermDebtAndCapitalSecuritiesNet": "None",
            "proceedsFromIssuanceOfPreferredStock": "None",
            "proceedsFromRepurchaseOfEquity": "7076000",
            "proceedsFromSaleOfTreasuryStock": "None",
            "changeInCashAndCashEquivalents": "-15335000",
            "changeInExchangeRate": "None"
        },
        {
            "fiscalDateEnding": "2020-03-31",
            "reportedCurrency": "USD",
            "grossProfit": "70429000",
            "totalRevenue": "91250000",
            "costOfRevenue": "20821000",
            "costofGoodsAndServicesSold": "20821000",
            "operatingIncome": "-36071000",
            "sellingGeneralAndAdministrative": "73146000",
            "researchAndDevelopment": "33354000",
            "operatingExpenses": "106500000",
            "investmentIncomeNet": "None",
            "netInterestIncome": "-67000",
            "interestIncome": "2502000",
            "interestExpense": "67000",
            "nonInterestIncome": "91250000",
            "otherNonOperatingIncome": "485000",
            "depreciation": "9900000",
            "depreciationAndAmortization": "700000",
            "incomeBeforeTax": "-33084000",
            "incomeTaxExpense": "-338000",
            "interestAndDebtExpense": "0",
            "netIncomeFromContinuingOperations": "-32746000",
            "comprehensiveIncomeNetOfTax": "-31400000",
            "ebit": "-33017000",
            "ebitda": "-32317000",
            "netIncome": "-32746000",
            "totalAssets": "858531000",
            "totalCurrentAssets": "647604000",
            "cashAndCashEquivalentsAtCarryingValue": "109063000",
            "cashAndShortTermInvestments": "587854000",
            "inventory": "None",
            "currentNetReceivables": "39778000",
            "totalNonCurrentAssets": "210927000",
            "propertyPlantEquipment": "100174000",
            "accumulatedDepreciationAmortizationPPE": "75237000",
            "intangibleAssets": "21299000",
            "intangibleAssetsExcludingGoodwill": "4900000",
            "goodwill": "16399000",
            "investments": "527854000",
            "longTermInvestments": "None",
            "shortTermInvestments": "478791000",
            "otherCurrentAssets": "3215000",
            "otherNonCurrentAssets": "4202000",
            "totalLiabilities": "152179000",
            "totalCurrentLiabilities": "108284000",
            "currentAccountsPayable": "14301000",
            "deferredRevenue": "38092000",
            "currentDebt": "17009000",
            "shortTermDebt": "34018000",
            "totalNonCurrentLiabilities": "43895000",
            "capitalLeaseObligations": "50804000",
            "longTermDebt": "None",
            "currentLongTermDebt": "17009000",
            "longTermDebtNoncurrent": "None",
            "shortLongTermDebtTotal": "50804000",
            "otherCurrentLiabilities": "22869000",
            "otherNonCurrentLiabilities": "9104000",
            "totalShareholderEquity": "706352000",
            "treasuryStock": "None",
            "retainedEarnings": "-333896000",
            "commonStock": "297000",
            "commonStockSharesOutstanding": "295463000",
            "operatingCashflow": "-14276000",
            "paymentsForOperatingActivities": "34000",
            "proceedsFromOperatingActivities": "None",
            "changeInOperatingLiabilities": "6359000",
            "changeInOperatingAssets": "9580000",
            "depreciationDepletionAndAmortization": "10563000",
            "capitalExpenditures": "16327000",
            "changeInReceivables": "8120000",
            "changeInInventory": "-7817000",
            "profitLoss": "-32746000",
            "cashflowFromInvestment": "-8772000",
            "cashflowFromFinancing": "-4678000",
            "proceedsFromRepaymentsOfShortTermDebt": "-200000",
            "paymentsForRepurchaseOfCommonStock": "70000",
            "paymentsForRepurchaseOfEquity": "70000",
            "paymentsForRepurchaseOfPreferredStock": "None",
            "dividendPayout": "1104000",
            "dividendPayoutCommonStock": "1104000",
            "dividendPayoutPreferredStock": "None",
            "proceedsFromIssuanceOfCommonStock": "None",
            "proceedsFromIssuanceOfLongTermDebtAndCapitalSecuritiesNet": "None",
            "proceedsFromIssuanceOfPreferredStock": "None",
            "proceedsFromRepurchaseOfEquity": "2605000",
            "proceedsFromSaleOfTreasuryStock": "None",
            "changeInCashAndCashEquivalents": "-27726000",
            "changeInExchangeRate": "None"
        },
        {
            "fiscalDateEnding": "2019-12-31",
            "reportedCurrency": "USD",
            "grossProfit": "65732000",
            "totalRevenue": "83930000",
            "costOfRevenue": "18198000",
            "costofGoodsAndServicesSold": "18198000",
            "operatingIncome": "-29942000",
            "sellingGeneralAndAdministrative": "69385000",
            "researchAndDevelopment": "26289000",
            "operatingExpenses": "95674000",
            "investmentIncomeNet": "None",
            "netInterestIncome": "-142000",
            "interestIncome": "2823000",
            "interestExpense": "142000",
            "nonInterestIncome": "83730000",
            "otherNonOperatingIncome": "-412000",
            "depreciation": "8600000",
            "depreciationAndAmortization": "10000",
            "incomeBeforeTax": "-27540000",
            "incomeTaxExpense": "615000",
            "interestAndDebtExpense": "1112000",
            "netIncomeFromContinuingOperations": "-28155000",
            "comprehensiveIncomeNetOfTax": "-28167000",
            "ebit": "-27398000",
            "ebitda": "-27388000",
            "netIncome": "-28155000",
            "totalAssets": "830824000",
            "totalCurrentAssets": "689872000",
            "cashAndCashEquivalentsAtCarryingValue": "138976000",
            "cashAndShortTermInvestments": "636948000",
            "inventory": "1",
            "currentNetReceivables": "33867000",
            "totalNonCurrentAssets": "140952000",
            "propertyPlantEquipment": "101466000",
            "accumulatedDepreciationAmortizationPPE": "67189000",
            "intangibleAssets": "4114000",
            "intangibleAssetsExcludingGoodwill": "31000",
            "goodwill": "4083000",
            "investments": "586121000",
            "longTermInvestments": "None",
            "shortTermInvestments": "497972000",
            "otherCurrentAssets": "3308000",
            "otherNonCurrentAssets": "3528000",
            "totalLiabilities": "104996000",
            "totalCurrentLiabilities": "83883000",
            "currentAccountsPayable": "11463000",
            "deferredRevenue": "31647000",
            "currentDebt": "None",
            "shortTermDebt": "None",
            "totalNonCurrentLiabilities": "12949000",
            "capitalLeaseObligations": "10506000",
            "longTermDebt": "None",
            "currentLongTermDebt": "0",
            "longTermDebtNoncurrent": "0",
            "shortLongTermDebtTotal": "10506000",
            "otherCurrentLiabilities": "41577000",
            "otherNonCurrentLiabilities": "9803000",
            "totalShareholderEquity": "725828000",
            "treasuryStock": "None",
            "retainedEarnings": "-301706000",
            "commonStock": "294000",
            "commonStockSharesOutstanding": "300173147",
            "operatingCashflow": "-8574000",
            "paymentsForOperatingActivities": "213000",
            "proceedsFromOperatingActivities": "None",
            "changeInOperatingLiabilities": "-972000",
            "changeInOperatingAssets": "3867000",
            "depreciationDepletionAndAmortization": "8556000",
            "capitalExpenditures": "14966000",
            "changeInReceivables": "3289000",
            "changeInInventory": "4470000",
            "profitLoss": "-28155000",
            "cashflowFromInvestment": "-352659000",
            "cashflowFromFinancing": "-1497000",
            "proceedsFromRepaymentsOfShortTermDebt": "None",
            "paymentsForRepurchaseOfCommonStock": "128000",
            "paymentsForRepurchaseOfEquity": "128000",
            "paymentsForRepurchaseOfPreferredStock": "None",
            "dividendPayout": "3058000",
            "dividendPayoutCommonStock": "3058000",
            "dividendPayoutPreferredStock": "None",
            "proceedsFromIssuanceOfCommonStock": "None",
            "proceedsFromIssuanceOfLongTermDebtAndCapitalSecuritiesNet": "None",
            "proceedsFromIssuanceOfPreferredStock": "None",
            "proceedsFromRepurchaseOfEquity": "31000",
            "proceedsFromSaleOfTreasuryStock": "None",
            "changeInCashAndCashEquivalents": "-362730000",
            "changeInExchangeRate": "None"
        },
        {
            "fiscalDateEnding": "2019-09-30",
            "reportedCurrency": "USD",
            "grossProfit": "57908000",
            "totalRevenue": "73941000",
            "costOfRevenue": "16033000",
            "costofGoodsAndServicesSold": "16033000",
            "operatingIncome": "-41086000",
            "sellingGeneralAndAdministrative": "71131000",
            "researchAndDevelopment": "27863000",
            "operatingExpenses": "98994000",
            "investmentIncomeNet": "None",
            "netInterestIncome": "-407000",
            "interestIncome": "672000",
            "interestExpense": "407000",
            "nonInterestIncome": "73941000",
            "otherNonOperatingIncome": "-651000",
            "depreciation": "7700000",
            "depreciationAndAmortization": "30000",
            "incomeBeforeTax": "-41065000",
            "incomeTaxExpense": "-212000",
            "interestAndDebtExpense": "0",
            "netIncomeFromContinuingOperations": "-40853000",
            "comprehensiveIncomeNetOfTax": "-40846000",
            "ebit": "-40658000",
            "ebitda": "-40628000",
            "netIncome": "-40853000",
            "totalAssets": "839847000",
            "totalCurrentAssets": "695678000",
            "cashAndCashEquivalentsAtCarryingValue": "501706000",
            "cashAndShortTermInvestments": "645105000",
            "inventory": "1",
            "currentNetReceivables": "32205000",
            "totalNonCurrentAssets": "144169000",
            "propertyPlantEquipment": "92485000",
            "accumulatedDepreciationAmortizationPPE": "58885000",
            "intangibleAssets": "4145000",
            "intangibleAssetsExcludingGoodwill": "62000",
            "goodwill": "4083000",
            "investments": "159568000",
            "longTermInvestments": "16169000",
            "shortTermInvestments": "143399000",
            "otherCurrentAssets": "2190000",
            "otherNonCurrentAssets": "3569000",
            "totalLiabilities": "99449000",
            "totalCurrentLiabilities": "77139000",
            "currentAccountsPayable": "9517000",
            "deferredRevenue": "30651000",
            "currentDebt": "37000",
            "shortTermDebt": "37000",
            "totalNonCurrentLiabilities": "14176000",
            "capitalLeaseObligations": "10501000",
            "longTermDebt": "None",
            "currentLongTermDebt": "37000",
            "longTermDebtNoncurrent": "None",
            "shortLongTermDebtTotal": "10538000",
            "otherCurrentLiabilities": "37750000",
            "otherNonCurrentLiabilities": "10993000",
            "totalShareholderEquity": "740398000",
            "treasuryStock": "None",
            "retainedEarnings": "-273551000",
            "commonStock": "294000",
            "commonStockSharesOutstanding": "300147000",
            "operatingCashflow": "-17786000",
            "paymentsForOperatingActivities": "None",
            "proceedsFromOperatingActivities": "None",
            "changeInOperatingLiabilities": "None",
            "changeInOperatingAssets": "None",
            "depreciationDepletionAndAmortization": "7763000",
            "capitalExpenditures": "15852000",
            "changeInReceivables": "None",
            "changeInInventory": "-1598000",
            "profitLoss": "-40853000",
            "cashflowFromInvestment": "-92829000",
            "cashflowFromFinancing": "570216000",
            "proceedsFromRepaymentsOfShortTermDebt": "None",
            "paymentsForRepurchaseOfCommonStock": "67000",
            "paymentsForRepurchaseOfEquity": "None",
            "paymentsForRepurchaseOfPreferredStock": "None",
            "dividendPayout": "None",
            "dividendPayoutCommonStock": "None",
            "dividendPayoutPreferredStock": "None",
            "proceedsFromIssuanceOfCommonStock": "None",
            "proceedsFromIssuanceOfLongTermDebtAndCapitalSecuritiesNet": "None",
            "proceedsFromIssuanceOfPreferredStock": "None",
            "proceedsFromRepurchaseOfEquity": "-67000",
            "proceedsFromSaleOfTreasuryStock": "None",
            "changeInCashAndCashEquivalents": "-31953000",
            "changeInExchangeRate": "None"
        },
        {
            "fiscalDateEnding": "2019-06-30",
            "reportedCurrency": "USD",
            "grossProfit": "52592000",
            "totalRevenue": "67424000",
            "costOfRevenue": "14832000",
            "costofGoodsAndServicesSold": "14832000",
            "operatingIncome": "-19771000",
            "sellingGeneralAndAdministrative": "17659000",
            "researchAndDevelopment": "18868000",
            "operatingExpenses": "72363000",
            "investmentIncomeNet": "None",
            "netInterestIncome": "540000",
            "interestIncome": "540000",
            "interestExpense": "290000",
            "nonInterestIncome": "None",
            "otherNonOperatingIncome": "-86000",
            "depreciation": "7000000",
            "depreciationAndAmortization": "6990000",
            "incomeBeforeTax": "-19317000",
            "incomeTaxExpense": "389000",
            "interestAndDebtExpense": "0",
            "netIncomeFromContinuingOperations": "-19706000",
            "comprehensiveIncomeNetOfTax": "-19655000",
            "ebit": "-19027000",
            "ebitda": "-11997000",
            "netIncome": "-19706000"
        },
        {
            "fiscalDateEnding": "2019-03-31",
            "reportedCurrency": "USD",
            "grossProfit": "47367000",
            "totalRevenue": "61727000",
            "costOfRevenue": "14360000",
            "costofGoodsAndServicesSold": "14360000",
            "operatingIncome": "-17147000",
            "sellingGeneralAndAdministrative": "16048000",
            "researchAndDevelopment": "17649000",
            "operatingExpenses": "64514000",
            "investmentIncomeNet": "None",
            "netInterestIncome": "640000",
            "interestIncome": "640000",
            "interestExpense": "273000",
            "nonInterestIncome": "None",
            "otherNonOperatingIncome": "-293000",
            "depreciation": "6100000",
            "depreciationAndAmortization": "6170000",
            "incomeBeforeTax": "-16800000",
            "incomeTaxExpense": "314000",
            "interestAndDebtExpense": "None",
            "netIncomeFromContinuingOperations": "-17114000",
            "comprehensiveIncomeNetOfTax": "-17042000",
            "ebit": "-16527000",
            "ebitda": "-10397000",
            "netIncome": "-17114000"
        },
        {
            "fiscalDateEnding": "2018-12-31",
            "reportedCurrency": "USD",
            "grossProfit": "42543000",
            "totalRevenue": "55499000",
            "costOfRevenue": "12956000",
            "costofGoodsAndServicesSold": "12956000",
            "operatingIncome": "-17093000",
            "sellingGeneralAndAdministrative": "16098000",
            "researchAndDevelopment": "15350000",
            "operatingExpenses": "59636000",
            "investmentIncomeNet": "None",
            "netInterestIncome": "None",
            "interestIncome": "None",
            "interestExpense": "266000",
            "nonInterestIncome": "None",
            "otherNonOperatingIncome": "-188000",
            "depreciation": "5400000",
            "depreciationAndAmortization": "5508000",
            "incomeBeforeTax": "-16499000",
            "incomeTaxExpense": "188000",
            "interestAndDebtExpense": "None",
            "netIncomeFromContinuingOperations": "None",
            "comprehensiveIncomeNetOfTax": "-16678000",
            "ebit": "-16233000",
            "ebitda": "-10425000",
            "netIncome": "-16687000"
        },
        {
            "fiscalDateEnding": "2018-09-30",
            "reportedCurrency": "USD",
            "grossProfit": "38861000",
            "totalRevenue": "50070000",
            "costOfRevenue": "11209000",
            "costofGoodsAndServicesSold": "11209000",
            "operatingIncome": "-36468000",
            "sellingGeneralAndAdministrative": "36040000",
            "researchAndDevelopment": "14827000",
            "operatingExpenses": "75329000",
            "investmentIncomeNet": "None",
            "netInterestIncome": "None",
            "interestIncome": "None",
            "interestExpense": "251000",
            "nonInterestIncome": "None",
            "otherNonOperatingIncome": "-1240000",
            "depreciation": "5000000",
            "depreciationAndAmortization": "5119000",
            "incomeBeforeTax": "-37572000",
            "incomeTaxExpense": "417000",
            "interestAndDebtExpense": "None",
            "netIncomeFromContinuingOperations": "None",
            "comprehensiveIncomeNetOfTax": "-37991000",
            "ebit": "-37321000",
            "ebitda": "-32202000",
            "netIncome": "-37989000"
        }
    ]
}